3018 4796
1215 268 1236 335 3
1256 311 1261 319 .

121 467 192 564 iam
219 467 281 543 diu
307 467 463 539 refutata
491 471 526 538 et
551 467 692 540 abiecta
710 471 773 538 est.
810 467 906 541 Idem
926 466 1057 538 accidit
1075 465 1237 540 Wiede·

120 624 281 692 manno
300 599 346 702 ¹),
383 604 460 695 qui,
495 594 572 674 cum
612 604 830 693 argumentis
869 625 1091 696 nequaquam
1132 605 1239 678 certis

120 743 217 814 nisus
243 743 406 814 Tacitum
433 740 469 812 in
496 742 613 814 Galba
639 741 804 826 Plinium,
824 743 1054 814 Plutarchum
1081 743 1236 816 Plinium

119 883 155 950 et
182 878 363 961 Cluvium,
392 878 595 954 Suetonium
627 898 732 949 unum
762 879 926 952 Cluvium
953 877 1236 965 adhibuissesin

121 1015 259 1086 Othone
279 1015 374 1088 uero
407 1035 525 1089 omnes
558 1021 631 1086 tres
664 1016 775 1088 solum
811 1016 966 1088 Plinium
993 1021 1132 1089 secutos
1160 1038 1236 1090 esse

121 1152 347 1236 existimaret,
366 1173 444 1234 rem,
467 1152 585 1224 effecit
611 1153 736 1224 miram
763 1158 799 1224 et
815 1154 920 1227 ualde
939 1159 1147 1226 contortam.
1187 1156 1237 1228 Et

117 1294 302 1378 propterea
332 1295 471 1362 tantum
503 1290 774 1362 Wiedemamrus
815 1293 1136 1364 commemorandus
1172 1300 1236 1377 est,

89 1405 211 1515 «quod
244 1425 379 1516 primus'
414 1426 523 1497 Plinii
562 1427 791 1498 historiarum
827 1428 999 1501 rationem
1036 1429 1162 1501 hahuit
1195 1437 1237 1502 ut

118 1561 227 1632 sontis
267 1581 334 1632 non
375 1562 593 1651 neglegendi.
663 1564 753 1634 Item
793 1564 970 1638 oblivione
1014 1568 1141 1638 obruta
1181 1575 1235 1639 est

122 1697 323 1768 dissertatio
349 1699 392 1770 Α.
422 1699 651 1770 Schmidtii
666 1695 703 1792 ²),
726 1701 786 1790 qui
813 1710 1019 1774 consensum
1046 1704 1097 1774 ita
1124 1706 1233 1794 expli-

118 1853 198 1903 care
232 1835 323 1918 uult,
359 1841 398 1906 ut
431 1836 546 1908 tribus
578 1836 649 1906 illis
677 1837 908 1926 scriptoribus
942 1860 1010 1910 nou
1037 1861 1145 1912 unum
1172 1843 1233 1912 sed

116 1970 312 2060 complures
346 1977 381 2042 et
407 1974 546 2043 eosdem
572 1971 687 2042 fontes
713 1973 821 2044 fuisse
850 1975 1027 2063 opinetur,
1056 1998 1146 2066 quae
1173 1997 1232 2048 ex·

115 2107 261 2196 plicatio
295 2129 419 2196 parum
453 2107 647 2196 probabilis
679 2113 742 2180 est.
796 2110 1019 2184 Hermannus
1047 2115 1185 2186 Peter
1201 2108 1232 2212 3)

115 2245 160 2314 ad
187 2243 341 2313 Hirzelii
376 2245 571 2350 doctrinam
607 2245 721 2316 rediit.
794 2248 1009 2322 Consensum
1045 2251 1163 2323 Taciti
1198 2257 1235 2323 et

116 2379 302 2449 Plutarchi
334 2385 471 2450 tantum
503 2399 578 2450 esse
613 2382 731 2466 docet,
767 2389 808 2454 ut
844 2387 1036 2458 communis
1071 2388 1150 2460 fons
1186 2391 1233 2460 sit

114 2518 332 2600 statuendus,
352 2521 398 2601 et,
419 2518 501 2607 quia
528 2518 702 2590 interdum
728 2520 820 2591 alter
846 2522 891 2592 ab
918 2523 1030 2594 altero
1058 2525 1233 2615 discrepet

111 2653 169 2726 vel
202 2653 338 2750 aliquid
371 2655 556 2739 exhibeat,
585 2657 677 2749 quod
704 2657 798 2746 apud
825 2660 975 2732 alterum
1002 2661 1229 2748 desideretur,

111 2791 262 2861 alterum
297 2793 409 2862 altero
443 2810 545 2863 usum
580 2813 655 2864 esse
687 2801 805 2884 negat.
860 2797 1085 2871 Communem
1112 2809 1230 2873 autem

113 2926 243 2998 fontem
277 2929 442 3002 Cluvium
477 2929 611 3002 Rufum
645 2930 754 3003 fuisse
789 2932 864 3004 sine
899 2936 974 3006 ulla
1010 2939 1229 3011 dubitatione

111 3062 287 3134 adfirmat.
353 3067 431 3150 Qua
470 3067 507 3136 in
546 3087 584 3137 re
628 3069 1060 3170 Mommsenium4)
1104 3076 1231 3148 habuit

113 3218 360 3284 successorem,
389 3203 449 3292 qui
466 3203 639 3277 'Cluvium
666 3204 776 3312 fuisse
803 3226 1019 3280 communem
1047 3181 1227 3286 auctorem
1278 3199 1302 3280 ’,

195 3419 220 3482 1)
237 3417 469 3473 Wiedemann
483 3419 535 3489 „de
549 3419 659 3489 Tacita
673 3420 822 3492 Suetonio,
834 3421 1002 3496 Plutarch0,
1015 3427 1117 3482 Cassio
1131 3429 1227 3486 Dione

112 3499 300 3571 scriptoribus
318 3503 530 3575 imperatorum
548 3505 659 3560 Galbae
679 3512 708 3560 et
726 3507 867 3563 0111011111ιι
887 3509 955 3566 diss.
974 3513 1106 3569 Berolini
1124 3515 1198 3571 1857.

194 3587 221 3654 2)
247 3589 281 3642 h.
299 3589 463 3646 Schmidt
481 3591 533 3661 „de
552 3591 727 3662 quibusdam
745 3594 915 3650 auctoribus
933 3597 1085 3668 Romanis,
1104 3617 1178 3669 quos
1195 3601 1227 3656 im

109 3670 311 3728 describendis
326 3675 416 3730 rebus
434 3695 500 3732 ann.
518 3678 553 3732 68
571 3681 602 3731 et
618 3678 652 3732 69
669 3696 696 3748 p.
716 3678 766 3732 Oh.
779 3680 874 3750 gestis
893 3683 1021 3751 Tacitus,
1039 3683 1225 3756 Plutarchus,

107 3756 267 3813 Suetonius
287 3762 380 3815 secuti
398 3769 469 3816 sunt
488 3761 558 3817 etc.“
594 3763 690 3818 Jonas
709 3764 784 3819 1860.
827 3779 832 3786 ·

189 3844 217 3912 3)
243 3845 280 3900 H.
299 3845 410 3902 Peter
429 3847 493 3917 „die
513 3847 639 3914 Quellen
656 3849 813 3906 Plutarchs
831 3851 863 3906 in
881 3855 938 3908 dan
955 3854 1156 3925 Biographien
1174 3856 1227 3912 der

90 3928 242 3987 'Rbmsr“.
276 3931 365 3988 Halle
384 3934 452 3988 1865
468 3951 495 4004 p.
514 3934 624 3988 28-44.

189 4017 216 4083 4)
243 4016 439 4074 Mommsen
458 4018 626 4089 „Cornelius
644 4019 765 4076 Tacitus
783 4039 811 4079 u.
830 4024 949 4079 Cluvius
967 4024 1081 4080 Rufus“
1099 4027 1225 4082 Hermes

108 4096 148 4152 IV
164 4117 190 4170 p.
208 4103 355 4160 eoo—325.
390 4103 449 4162 Ubi
474 4105 556 4160 nullo
584 4105 648 4160 loco
675 4107 823 4180 adscripto
845 4111 1072 4168 Mommsenium
1098 4111 1226 4179 nomino,

109 4181 182 4238 hauc
199 4187 341 4260 intellego
360 4192 646 4247 commentationem.

1025 4299 1055 4353 ps
