2982 4794
223 285 297 358 180

327 493 385 577 17,
406 503 506 558 10-15
533 493 626 565 Otho
653 493 820 566 libertum
848 496 946 564 abire
975 497 1083 566 iubet.

407 640 505 695 18-31
534 629 641 702 funus
669 631 873 722 diligentius
902 633 1081 703 describit.

330 767 386 851 18,
414 778 500 831 9-12
526 766 723 838 Pollionem
749 767 807 839 vel
833 767 951 857 potius
970 770 1150 840 Plotinum
1177 770 1349 840 nominat.

324 904 490 994 Plerique
516 904 586 975 loci
614 925 657 974 ex
691 907 811 976 eedem
844 905 940 976 fonte
976 907 1045 976 orti
1081 926 1156 977 esse
1191 914 1349 1008 possunt,

223 1061 325 1130 quem
353 1041 500 1112 Tacitus
527 1041 691 1111 adhibuit
712 1042 829 1113 velut:
876 1045 917 1114 G.
948 1053 1049 1107 19-21
1081 1083 1124 1094 -
1160 1044 1183 1113 h
1214 1046 1246 1126 1,
1289 1045 1351 1130 13;
1381 1123 1384 1132 ,

223 1179 439 1262 (1.2,11-14
466 1179 561 1249 -h.
588 1181 621 1261 1,
648 1180 712 1268 73;
745 1180 966 1274 13,3-43
999 1181 1175 1278 h.2‚45;
1205 1182 1350 1264 16,1-e

222 1355 272 1368 -
291 1316 325 1386 h.
349 1317 380 1399 2,
408 1316 473 1404 48;
506 1318 562 1398 17,
582 1327 680 1382 18-31
710 1359 758 1366 --
787 1318 821 1387 h.
845 1318 877 1400 2,
906 1318 969 1404 49;
998 1317 1213 1388 Plutarchus
1238 1317 1352 1406 igitur
1481 1324 1482 1327 ’

221 1460 363 1543 praeter
391 1453 554 1524 Tacitum
582 1454 694 1524 altero
720 1455 817 1524 fonte
836 1474 921 1530 usus
941 1460 1004 1538 est,
1033 1456 1098 1544 qui,
1121 1455 1199 1525 fons
1219 1457 1264 1552 ab
1285 1456 1353 1526 hcc

224 1610 361 1679 quoque
388 1595 580 1679 usurpatus
608 1611 683 1660 esse
711 1591 864 1662 videtur.
919 1592 1115 1662 Nonnullos
1142 1613 1226 1663 vero
1255 1593 1353 1663 locos

223 1747 266 1796 ex
293 1725 399 1798 tertio
419 1732 564 1798 auctore
583 1733 679 1799 ortos
704 1748 780 1798 esse
806 1735 903 1818 puto,
933 1751 1035 1818 quem
1063 1731 1210 1829 Tacitus
1236 1731 1353 1818 primo

221 1865 298 1936 1333
318 1873 458 1935 nonest
478 1872 635 1937 secutus:
665 1867 707 1936 d.
730 1864 789 1947 23,
817 1876 919 1952 3-103
949 1867 1007 1947 37,
1035 1878 1138 1954 3-33,
1169 1867 1226 1950 38,
1247 1879 1352 1954 6-15;

226 2002 381 2085 9,1-12.
450 2001 453 2004 ’

324 2141 450 2227 ltaque
474 2139 566 2209 hanc
589 2138 663 2208 fere
689 2138 786 2211 viam
804 2140 1037 2210 Plutarchum
1056 2140 1253 2228 ingressum
1275 2161 1353 2212 esse
1481 2144 1482 2159 ²

222 2282 319 2365 puto.
354 2276 458 2346 Vitas
472 2296 542 2345 non
556 2277 607 2346 ita
623 2296 830 2365 componere
846 2277 972 2365 coepit,
987 2283 1027 2347 ut
1041 2298 1159 2347 rerum
1172 2279 1352 2349 Romana·
1480 2271 1481 2320 t

222 2433 301 2483 rum
328 2412 432 2502 plane
464 2413 612 2502 ignarus
646 2413 774 2484 librum
805 2413 958 2503 aliquem
987 2414 1152 2504 eligeret,
1185 2435 1288 2504 quem
1316 2418 1353 2485 in

129 2531 132 2536 ⁵
225 2550 409 2621 scribendo
424 2550 560 2640 legeret
574 2556 609 2621 33
623 2556 753 2621 temere
768 2551 1057 2638 transscriberet3
1087 2553 1147 2622 sed
1161 2559 1352 2642 antequam
1480 2617 1481 2626 2

224 2688 335 2759 vitam
363 2688 557 2770 incoharet‚
589 2688 726 2777 aliquot
752 2689 853 2758 libris
881 2688 1046 2778 perlectis
1075 2709 1182 2760 unum
1209 2691 1351 2780 potissi·
1482 2715 1483 2732 ³

224 2845 317 2894 mum
345 2830 486 2896 secutus
520 2833 574 2894 est
608 2827 666 2896 rel
699 2825 817 2924 potius
846 2827 891 2896 ad
918 2846 1042 2896 manus
1069 2827 1212 2909 habuit,
1248 2849 1352 2916 quem
1480 2847 1481 2867 ¹

224 2963 325 3032 medo
366 2961 556 3051 inspiceret
595 2963 696 3032 mode
738 2963 906 3033 memoria
948 2963 1174 3032 exscriberet.
1246 2965 1352 3035 Hunc

223 3099 355 3170 fontem
375 3099 539 3169 Tacitum
559 3098 669 3170 fuisse
688 3099 852 3170 arbitror.
879 3105 880 3110 ’
896 3099 1107 3190 Saepissime
1128 3106 1246 3170 autem
1261 3105 1352 3190 quae

225 3257 268 3307 ex
287 3237 369 3307 aliis
388 3236 620 3324 scriptoribus
640 3237 808 3307 memoria
835 3238 979 3308 tenebat
1006 3237 1170 3324 inseruit;
1200 3239 1259 3307 sed
1287 3239 1352 3309 hes

224 3394 361 3465 quoque
388 3373 564 3444 interdum
592 3375 650 3446 vel
677 3374 769 3444 inter
796 3373 1020 3444 scribendum
1047 3374 1211 3464 inspexit.
1255 3375 1351 3446 Duo-

223 3533 300 3583 rum
336 3512 492 3601 vestigia
527 3511 703 3582 indicasse
741 3511 827 3580 mihi
851 3512 1005 3594 ¹videor,
1043 3511 1195 3582 fortasse
1231 3513 1350 3601 plures
1387 3547 1390 3556 ·

223 3656 336 3720 erant.
391 3649 491 3719 Unde
526 3649 687 3719 narratio
722 3648 838 3720 evasit
864 3653 918 3719 333
945 3669 964 3719 3
990 3649 1176 3738 particulis
1208 3655 1350 3738 tamque

223 3786 373 3856 diversis
401 3786 554 3856 conflata
580 3792 711 3857 ettam
739 3787 891 3858 scienter
918 3787 1123 3874 composita,
1145 3777 1191 3866 ¹ut
1216 3787 1350 3882 iontem

223 3923 376 4011 aliquem
409 3922 617 4012 primarium
651 3923 762 3994 statui
796 3945 866 3993 non
899 3923 1018 3993 liceat.
1080 3922 1244 3994 Tacitum
1273 3923 1349 4013 qui-

224 4062 300 4130 dem
329 4080 551 4149 nequaquam
585 4061 641 4132 vel
678 4081 756 4130 cum
784 4060 947 4130 Nissenic
980 4059 1262 4148 „Hauptquelle“
1292 4060 1349 4132 vel

225 4217 301 4270 cum
323 4196 487 4278 Olascnic
519 4198 804 4288 „Grundquelle“
836 4198 1008 4288 appellari
1034 4218 1137 4287 pesse
1165 4199 1347 4268 contendo.
