3018 4796
161 253 176 276 “
277 289 325 362 aa
1150 293 1191 366 o.
1221 297 1255 378 a,
1284 317 1390 372 c-oc.

274 500 338 580 est,
375 501 481 586 atque
515 495 645 567 ibidem
689 496 907 588 praetoriani
951 497 1156 571 seditionem
1195 507 1389 574 moverunt.

275 629 408 704 Oontra
445 633 660 704 Plutarchus
699 634 855 704 remita
888 635 1066 724 accepisse
1098 636 1255 722 videtur,
1291 639 1393 728 quasi

274 768 396 841 Ostiae
422 770 547 842 seditio
582 770 782 841 exarsisset.
835 772 878 841 Id
904 792 988 844 uero
1020 771 1097 844 ficri
1123 794 1193 847 non
1224 775 1389 864 potuisse,

274 927 374 979 nemo
401 912 455 978 est
473 907 533 998 qui
550 887 655 996 neget
681 901 708 1004 )
754 907 879 997 Itaque
897 908 1111 980 Plutarchus
1131 930 1247 981 errore
1267 918 1389 1001 captus

275 1049 337 1127 est,
366 1045 426 1135 qui
453 1044 620 1144 facillime
648 1045 854 1136 explicatur,
883 1045 913 1116 si
941 1021 1065 1118 Tacito
1085 1067 1164 1119 eum
1189 1069 1290 1120 usum
1316 1070 1390 1120 esse

274 1182 484 1275 statuimus..
531 1182 704 1266 Quicum
736 1157 843 1270 unum
876 1202 1002 1254 nomen
1033 1147 1154 1256 Ostiae
1186 1173 1327 1258 adferat
1360 1193 1393 1257 et

273 1324 457 1408 praeterea
488 1339 558 1391 non
584 1319 653 1390 nisi
678 1340 785 1392 voces
811 1321 965 1392 incertas
991 1321 1090 1394 velut
1120 1319 1198 1392 urbs
1225 1328 1259 1393 et
1285 1327 1391 1394 eastra

274 1456 451 1539 adhibeat,
480 1458 594 1527 obiter
611 1457 775 1528 Tacitum
802 1457 934 1548 legenti
960 1478 1017 1528 res
1036 1459 1143 1530 dubia
1168 1481 1243 1530 esse
1265 1461 1388 1551 patuit.

274 1593 337 1664 Sin
360 1603 588 1664 'communem
619 1593 730 1664 fuisse
755 1593 887 1664 fontem
923 1595 1111 1678 sumimus,
1128 1596 1198 1668 uix
1225 1597 1387 1671 credibile

275 1736 338 1814 est,
366 1726 402 1799 in
429 1750 469 1800 ec
497 1750 634 1820 quoque
661 1732 807 1834 eandem
833 1730 943 1802 fuisse
970 1732 1223 1804 obscuritatem
1232 1729 1277 1831 it
1345 1771 1349 1776 ·

370 1849 531 1956 Singulis
542 1867 578 1937 in
592 1857 697 1938 rebus
712 1872 912 1958 quanquam
926 1889 995 1940 non
1009 1868 1177 1950 differunt
1190 1871 1387 1960 scriptores,

272 1997 390 2082 tamen
416 2005 642 2088 Plutarchus,
669 2012 709 2076 ut
735 1991 966 2096 estieiunior
997 2011 1032 2077 et
1057 2006 1246 2098 loquacior,
1269 2006 1387 2104 viram

275 2133 393 2228 Taciti
401 2142 642 2230 narrationem
659 2163 738 2215 cum
752 2142 926 2232 infringit,
942 2147 1017 2214 tum
1032 2142 1279 2238 additamentis
1293 2163 1391 2214 exor-

272 2285 353 2352 nat:
378 2280 477 2354 uelut
494 2279 679 2352 nonurrllos
702 2279 832 2351 milites
858 2243 1022 2352 vehicula
1050 2280 1261 2370 corripuisse
1282 2280 1392 2350 tradit

273 2417 495 2508 omniumque
517 2415 740 2506 imperatoris
766 2415 932 2489 servandi
959 2409 1113 2489 studium
1136 2383 1296 2506 pluribus
1313 2437 1391 2504 ver7

276 2555 330 2626 his
358 2553 533 2644 exprimit.
587 2553 665 2624 Hoc
691 2552 819 2624 Nissen
846 2549 896 2650 (p.
927 2557 998 2624 516
1041 2549 1111 2651 sq.)
1146 2573 1224 2624 eum
1263 2545 1391 2641 premit

277 2741 583 2751 ———-—-—.—...--.

276 2915 279 2922 Ι
377 2843 401 2906 i)
420 2839 455 2895 of.
473 2833 714 2922 Kranae-psll.

373 2944 401 3010 2)
437 2923 574 2995 Oeteruin
592 2945 648 3010 qu'o
670 2939 757 2994 modo
769 2953 828 2994 'res
847 2957 879 2994 se
897 2936 1033 2991 habuerit
1054 2936 1185 2990 nondum
1203 2940 1393 3000 consentiunt

272 3027 409 3083 homines
429 3026 514 3081 docti.
542 3025 746 3082 ¹Wiedemann
765 3026 843 3081 enim
860 3017 1002 3090 vehicula,
1022 3039 1098 3092 quae
1122 3023 1243 3078 Tacitus
1266 3042 1392 3079 commc-

272 3119 376 3181 morat‚
395 3130 486 3178 naves
504 3111 596 3166 fuisse
614 3117 706 3184 putat¹
724 3112 828 3183 quibus
842 3127 923 3164 arma
936 3107 1050 3162 Ostiam
1062 3108 1302 3186 transferrentur.
1333 3112 1394 3166 Sed

272 3217 329 3271 quo
352 3199 439 3253 modo
461 3198 526 3252 fieri
548 3198 683 3270 potuerit,
706 3203 740 3252 ut
764 3216 800 3252 ex
818 3193 922 3250 castris
942 3195 1097 3264 praetoriis
1115 3214 1210 3267 paene
1230 3197 1288 3251 duc
1310 3197 1394 3252 milia

272 3300 414 3357 passuum
432 3301 450 3339 a
467 3284 566 3339 Tiberi
584 3284 649 3338 sitis
668 3301 750 3341 arma
767 3281 892 3339 nauibus
909 3285 992 3338 trans
1011 3281 1115 3336 collem
1130 3281 1304 3339 Viminalein
1323 3301 1393 3344 ava-

273 3373 421 3440 herentnr,
445 3388 505 3424 non
527 3370 620 3425 docet,
660 3371 771 3440 Itaque,
794 3364 969 3438 praesertim
992 3385 1058 3444 aum
1082 3367 1186 3422 cohors
1203 3367 1263 3422 iam
1280 3369 1393 3424 Romae

272 3456 365 3512 fuisse
381 3456 524 3526 videatur,
542 3456 606 3511 sina
619 3453 706 3510 dubio
717 3451 909 3522 intellegendi
921 3459 990 3507 s'nnt
1000 3449 1113 3508 currus.
1145 3445 1222 3508 Sane
1235 3454 1393 3508 Suetonius

273 3543 306 3598 Ο,
329 3545 346 3598 8
369 3543 447 3604 dicit.
457 3544 587 3609 parauerat
602 3561 648 3610 per
676 3542 817 3610 classiarios
839 3556 908 3590 arma
936 3542 1064 3605 transferri
1088 3541 1217 3606 remittique
1239 3545 1338 3594 navitas
1363 3547 1395 3596 et

272 3629 387 3683 Krauss
405 3647 432 3700 p.
449 3628 483 3682 27
501 3627 576 3682 haec
592 3629 690 3696 verba,
709 3631 742 3679 ut
759 3623 861 3679 Tacito
874 3625 1084 3694 accommodat,
1103 3624 1145 3679 ita
1162 3613 1297 3696 explicat,
1316 3626 1392 3680 clas-

273 3711 377 3768 siarios
395 3713 493 3768 iussos
512 3731 578 3770 essa
596 3725 678 3768 arma
697 3723 733 3766 ex
752 3703 858 3765 castris
875 3711 1030 3782 praetoriis
1048 3710 1192 3768 vehiculis
1206 3711 1246 3764 ad¹
1262 3711 1394 3766 Tiberim

272 3805 472 3871 transpaitano
489 3799 686 3872 impositaque
703 3795 829 3852 navibus
847 3798 961 3855 Ostiam
973 3796 1142 3852 transferre.
1180 3796 1238 3876 Sed
1250 3797 1395 3870 neglegit,

273 3885 423 3940 cohortem
445 3885 504 3940 iarn
528 3885 653 3940 Romam
676 3882 801 3938 accitam
822 3883 924 3938 fuisse.
963 3881 1062 3937 Etiam
1080 3881 1106 3936 si
1124 3881 1226 3938 Ostiae
1243 3879 1397 3953 tendebat,

273 3970 359 4040 Otho,
372 3970 423 4041 qui
436 3987 502 4026 eam
513 3971 545 4026 in
557 3971 659 4026 urbem
674 3969 769 4026 aeone
778 3969 906 4039 volebat,
920 3986 1002 4028 arma
1011 3985 1071 4024 non
1080 3968 1196 4028 Ostiam
1204 3967 1259 4024 sed
1268 3967 1400 4031 Romam

272 4057 385 4129 portari
401 4057 496 4122 iussit,
515 4063 548 4112 ut
565 4056 602 4111 de
614 4054 739 4110 navibus
753 4055 877 4126 eogitari
888 4072 948 4110 non
964 4054 1067 4125 possit.
1098 4054 1163 4121 Qua
1174 4071 1207 4107 re
1220 4053 1399 4109 Suetonium

272 4157 338 4198 rem*
354 4143 390 4197 ab
403 4143 467 4215 ipso
479 4161 539 4198 nan
551 4141 733 4206 intellectam
744 4137 865 4201 narrare
878 4140 1011 4196 arbitror.
1040 4141 1116 4196 Nam
1130 4139 1200 4209 quid
1211 4139 1286 4196 illud
1295 4144 1397 4195 trans-

272 4229 350 4285 ferre
370 4233 400 4286 et
415 4227 568 4285 remittere
584 4226 641 4282 sihi
653 4227 738 4300 uelit,
755 4243 817 4283 non
837 4225 934 4282 video.
