2982 4794
144 299 187 372 Ο.
219 301 279 386 12,
306 241 415 380 ae-ee.
495 369 499 384 .
1196 313 1264 384 149

144 529 241 581 cesse
275 511 367 582 enim
401 519 493 590 esset
527 521 701 600 statuere,
734 517 822 588 illud
855 494 1026 610 proelium
1062 540 1090 590 c.
1125 522 1173 590 35
1209 521 1265 590 de·

144 649 315 738 scriptum
346 651 467 723 eodem
500 651 557 724 die
589 653 723 726 factum
757 675 850 738 esse,
884 676 952 746 quo
984 655 1030 728 ad
1057 657 1264 728 Cremonam
1336 635 1338 640 ⁵

143 791 340 878 pugnatum
379 795 442 861 est.
497 791 547 862 At
581 791 732 881 legimus
768 813 804 879 c.
839 792 902 877 36,
939 813 1008 864 non
1043 795 1153 866 multo
1187 801 1267 884 post

144 924 382 1016 gladiatorum
416 926 551 1000 cladem
583 930 681 1002 iussu
716 929 865 1002 Othonis
899 931 1065 1005 Flavium
1096 932 1266 1002 Sabinum

143 1060 188 1134 iis
216 1063 457 1154 praepositum
484 1085 569 1144 esse,
598 1067 659 1158 qui
685 1087 715 1140 c.
738 1069 783 1138 51
812 1088 956 1140 munere
983 1067 1169 1158 fungitur„
1194 1070 1267 1157 Ita-

142 1219 208 1292 que
234 1199 385 1274 Plavius
409 1202 561 1276 Sabinus
589 1204 626 1290 iu
650 1204 718 1275 hoc
744 1204 879 1312 proelio
907 1205 951 1276 iis
978 1205 1143 1305 praefuit.
1174 1207 1175 1212 ’
1199 1206 1267 1278 Sed

141 1337 345 1428 priusquam
372 1339 464 1434 Otho
491 1361 620 1414 novum
648 1343 771 1414 ducem
799 1342 966 1428 mitteret,
994 1362 1084 1416 unus
1111 1344 1170 1416 vel
1197 1346 1266 1418 duo

142 1477 216 1560 dies
253 1476 480 1550 transierunt.
527 1479 719 1552 Praeterea
742 1481 1009 1553 'Gerstenecker
1034 1503 1067 1570 p.
1094 1482 1139 1554 36
1166 1503 1265 1571 proe-

142 1614 227 1685 lium
256 1634 285 1686 c.
315 1617 362 1686 43
396 1615 635 1708 significatum
667 1618 845 1692 diversum
882 1638 958 1700 esse
994 1619 1096 1692 docet
1132 1621 1176 1691 ab
1214 1641 1265 1704 eo,

150 1753 282 1842 quoue.
305 1753 351 1826 35
378 1761 554 1827 narratur.
608 1755 686 1828 Hoc
713 1756 805 1828 enim
833 1757 931 1830 circa
957 1757 1110 1830 insulam
1137 1758 1174 1828 in
1201 1757 1265 1829 tlu-

151 1891 236 1963 miue
261 1890 367 1962 sitam
394 1891 593 1976 dimicatur,
623 1914 727 1984 quam
752 1899 787 1964 et
805 1893 1023 1984 gladiatores
1042 1901 1078 1998 et
1096 1896 1265 1967 Germani

141 2047 315 2119 occupare
334 2031 486 2115 student,
512 2030 573 2102 ilio
593 2025 811 2120 gladiatores
830 2031 967 2102 Padum
985 2034 1266 2104 transvehrmtur

141 2170 175 2236 et
202 2168 247 2240 ab
276 2167 448 2258 oppositis
480 2168 631 2242 Batavis
664 2168 797 2259 repulsi
830 2168 1022 2240 indumen
1055 2170 1262 2242 reicientur.

139 2304 302 2396 Denique
333 2326 378 2378 ex
405 2305 525 2378 Taciti
551 2308 660 2380 verbo
695 2310 829 2380 victores
861 2307 1033 2420 proelium
1060 2309 1190 2381 eodem,
1209 2307 1265 2380 die

139 2442 364 2520 commissum
383 2463 459 2516 esse
478 2444 753 2520 concludendum
772 2449 836 2516 est.
872 2444 1134 2534 Distinguende
1152 2446 1266 2536 igitur

139 2582 208 2653 duo
236 2581 382 2672 proelia.
436 2582 513 2653 Iam
546 2601 639 2670 vero¹
665 2601 790 2672 parum
824 2587 907 2654 sunt
941 2582 1145 2665 credibilia,
1173 2605 1263 2678 quae

137 2719 355 2791 Plutarchus
381 2724 515 2792 namet.
570 2720 620 2791 Ut
646 2719 800 2802 mittam,
828 2740 907 2792 eum
934 2741 1003 2792 non
1031 2720 1159 2803 dicere,
1188 2721 1262 2810 gla-

138 2857 295 2938 diatores
324 2855 453 2930 flumen
479 2863 721 2948 transgressos
748 2852 874 2958 esse1),
904 2877 1008 2930 sensu
1035 2863 1144 2942 caret,
1173 2861 1265 2950 quod

137 2994 357 3104 gladiatores
381 2995 426 3067 ad
451 2993 579 3068 flumen
605 2994 783 3086 fugientes
811 2994 846 3067 in
874 2995 1036 3068 cohortes
1064 2996 1109 3068 ad
1135 2996 1264 3068 flumen

140 3133 346 3206 conlocatas
374 3132 540 3206 incidisse
566 3134 695 3224 prodit.
749 3133 870 3223 Neque
903 3139 1061 3224 apparet,
1090 3155 1112 3204 a
1139 3134 1265 3225 quibus

138 3271 251 3362 copiis
275 3271 371 3361 pulsi
398 3270 488 3354 sint,
521 3291 632 3362 neque
660 3291 727 3362 quo
755 3265 857 3342 modo
884 3275 957 3342 tam
984 3259 1108 3359 procul
1135 3291 1157 3341 a
1183 3272 1263 3360 ripa

137 3409 240 3481 abire
266 3408 455 3500 potuerint,
484 3414 524 3479 ut
550 3408 823 3480 Vitellianorum
849 3378 1011 3479 cohortes
1037 3408 1167 3479 reditui
1187 3407 1262 3479 offi-

138 3552 269 3619 cerent.
338 3545 428 3618 Mihi
468 3545 607 3637 quidem
640 3545 856 3618 Plutarchus
893 3544 977 3635 quid
1012 3551 1129 3616 essent
1164 3567 1261 3638 oppo-

136 3687 221 3755 siluc
246 3682 390 3757 cohortes
421 3703 532 3774 prave
559 3682 775 3754 intellexisse
802 3683 960 3765 videtur,
990 3701 1076 3772 quas
1105 3703 1172 3752 non
1201 3704 1261 3754 eas

138 3841 162 3846 -.
168 3837 444 3846 ww-m·‘-

242 3921 267 3986 1)
301 3919 367 3974 Hoc
385 3918 492 3988 omisit,
509 3934 605 3990 neque
623 3916 819 3972 Mommsenio
838 3917 1000 3986 adsentior,
1019 3917 1068 3988 qui
1086 3917 1123 3972 H.
1142 3917 1191 3986 IV,
1209 3919 1260 3972 306

136 4004 331 4060 Plutarchum
349 4003 586 4076 adgredientium
604 4009 634 4058 et
646 4001 868 4058 defendentium
885 4007 986 4074 partes
1006 4002 1174 4057 confudisse
1194 4021 1261 4058 eon-

136 4091 242 4147 tendit.
277 4091 376 4146 Primo
398 4089 579 4162 gladiatores
601 4089 744 4161 impetum
762 4087 883 4158 faciunt,
907 4094 1013 4160 postea
1030 4105 1101 4143 vero
1121 4089 1260 4144 Germani

138 4195 192 4233 eos
219 4177 355 4248 repulsos
383 4183 614 4250 persequuntur,
645 4175 722 4248 quod
749 4175 845 4236 solum
871 4179 1053 4234 momentum
1082 4175 1259 4242 Plutarchus

135 4261 280 4342 depinxit.
