3018 4796
146 347 192 422 0.
215 351 247 432 2,
267 359 360 414 ε-ιτ.

146 553 245 636 boat,
264 553 301 623 id
315 554 408 644 quod
425 551 640 624 Plutarchus
654 551 691 621 in
705 537 826 640 priore
846 555 948 641 parte
961 551 1058 624 vitae
1073 550 1272 623 Galbianae

151 690 237 764 fecit
255 684 316 788 (G.
337 682 414 788 17).
433 689 513 760 Hoc
531 673 670 778 quidem
687 687 765 759 loco
782 687 1000 796 Tigellinum
1022 694 1118 761 metu
1143 689 1272 780 suppli-

152 827 199 900 cii
226 828 314 899 satis
340 828 412 898 iam
438 826 547 898 fuisse
574 825 735 916 punitum
760 823 1021 914 sapientissime
1048 823 1273 897 e't'latissime

153 965 305 1049 disserit,
326 985 415 1056 quae
434 963 627 1054 disputatio
641 963 737 1034 haud
751 963 856 1033 dubie
870 965 915 1033 ab
930 963 1006 1052 ipso
1022 969 1190 1054 concepta
1204 971 1273 1036 ost:

117 1067 120 1074 ’
152 1124 188 1175 v.
218 1104 341 1174 2-11
379 1098 531 1198 ιλελήοεε
566 1097 624 1192 μιν
660 1098 720 1197 γὰρ
750 1097 821 1196 opp
853 1097 1067 1192 εελειιμεεεε
1102 1100 1193 1198 coep
1225 1103 1275 1198 ep

154 1237 251 1338 φόβῳ
277 1245 336 1340 τῆς
362 1237 540 1325 κολάσεως,
567 1235 608 1334 ἣν
636 1239 683 1314 ὡς
706 1237 804 1336 χρέος
821 1233 942 1333 ἀπῄτει
960 1235 1114 1334 δημόσιον
1132 1241 1155 1334 ἡ
1173 1239 1275 1325 πόλις,

153 1378 206 1447 καὶ
233 1378 411 1472 νοσήμασιν
440 1373 626 1470 ἀνηκέστοις
652 1374 819 1466 σώματος,
845 1373 945 1450 αὐτάς
977 1399 1013 1444 τε
1045 1375 1105 1454 τολς
1130 1376 1277 1454 ἀνοσίους

154 1512 207 1583 καὶ
234 1512 396 1610 ἀρρήτους
422 1508 456 1579 έν
482 1509 603 1603 γυναιξὶ
628 1511 762 1606 πόρναις
786 1509 838 1579 καὶ
865 1507 1061 1609 ἀκαθάρτοις
1087 1513 1276 1614 ἐμκυλινδή-

156 1673 235 1736 σεις,
254 1647 303 1722 αἷς
322 1645 368 1717 ἔτι
391 1647 614 1745 προσέσπαιρε
632 1645 906 1726 δυσθανατοῦντος
924 1647 1024 1719 αὐτοῦ
1042 1650 1078 1720 τό
1097 1650 1276 1722 ἀκόλαστον

159 1782 434 1881 ἐπιδραττόμενον,
475 1747 617 1880 έσμάτην
650 1785 805 1880 τιμωρίαν
846 1783 1010 1856 ἐποιοῦντο
1050 1787 1103 1856 καὶ
1147 1787 1278 1859 πολλῶν

160 1919 288 1999 ἀντάξια
319 1916 472 1988 θανάτων
507 1915 536 1990 οἱ
567 1924 821 2017 σωφρονοῦντες.
873 1921 949 2017 ἠνία
976 1919 1013 1992 δὲ
1039 1921 1279 2002 τοὺςίπολλοὺς

159 2057 248 2148 όμως
273 2055 327 2125 τόν
353 2053 446 2152 ἥλιον
466 2057 553 2152 ὁρῶν
579 2054 661 2148 μετὰ
684 2058 856 2134 τοσούτους
873 2057 926 2128 καὶ
943 2059 1106 2138 τοιούτους
1124 2053 1158 2130 δι’
1181 2056 1278 2133 αὐτὸν

157 2193 219 2286 οὐχ
250 2193 405 2289 ὁρῶντας.
463 2187 563 2264 Nihil
594 2192 687 2264 enim
720 2193 780 2265 hic
817 2201 986 2268 narratur
1016 2195 1098 2269 nisi'
1112 2160 1279 2290 populu'ni

155 2351 228 2402 una
254 2349 342 2404 voce
367 2329 537 2420 Tigellini
555 2327 765 2420 supplicium
783 2334 992 2422 postulasse,
1020 2335 1113 2427 quod
1131 2329 1279 2408 Tacitus

158 2468 289 2540 diserte
307 2467 476 2538 describit
494 2487 524 2538 c.
542 2467 600 2551 72,
621 2471 642 2538 8
662 2490 726 2537 nou
743 2469 844 2539 ulrum
858 2473 1062 2564 pertinacius
1078 2473 1124 2543 οά
1142 2445 1280 2576 poeniceo

155 2603 393 2702 flagitaverunt
423 2608 459 2675 et
483 2623 513 2675 c.
538 2604 597 2687 τι,
621 2604 823 2676 15—19eo
849 2607 1005 2702 insensior
1027 2599 1168 2702 populus
1194 2665 1203 2683 .
1235 2598 1280 2686 .’.

158 2763 349 2814 concumbe
366 2761 408 2812 eac
425 2740 491 2811 toto
509 2737 588 2811 ιιαόο
605 2745 640 2809 iu
660 2739 820 2811 Palatium
838 2749 876 2814 o'c
889 2745 976 2836 foro,
1002 2745 1034 2815 ct
1058 2743 1116 2816 olo·
1134 2732 1282 2840 μίακόοα

161 2878 256 2975 uulgi
280 2857 432 2970 licentio,
448 2883 483 2948 in
507 2883 628 2950 circum
650 2899 689 2950 ac
713 2875 840 2949 theatro
863 2877 960 2976 effusi
979 2847 1137 2955 seditiosis
1156 2863 1283 2958 uocibus

161 3019 313 3108 strepere
365 3016 502 3100 Cetera,
531 3034 620 3107 quae
638 3013 853 3087 Plutarchus
870 3020 1026 3106 praebet,
1053 3036 1170 3112 nugae
1189 3028 1281 3107 sunt,

162 3172 250 3243 quas
290 3172 368 3222 cum
410 3152 566 3225 cuiusvis
606 3172 650 3222 cx
689 3123 831 3242 ingenio
871 3153 1048 3244 proficisci
1087 3161 1283 3248 potuerint,

162 3289 356 3361 Plutarcho
383 3285 452 3379 ipsi
477 3288 574 3359 haud
600 3287 673 3360 scio
700 3309 747 3360 an
772 3286 958 3363 tribuerim
972 3287 1011 3390 ¹).
1044 3293 1046 3302 ’
1111 3337 1115 3344 «

163 3448 195 3499 v.
222 3426 368 3498 11-17
397 3423 542 3520 ἔπεμψεν
569 3423 624 3494 οὖν
651 3421 697 3494 ἐπ’
729 3423 825 3496 αὐτὸν
879 3429 1025 3504 Tacitus
1066 3453 1095 3504 c.
1135 3433 1193 3518 72,
1236 3434 1282 3505 19

163 3558 318 3636 Μίδων
355 3565 401 3642 εἰς
430 3563 506 3666 τοὺς
536 3563 611 3660 περὶ
649 3561 825 3636 Σινόεσσαν
877 3565 975 3639 άοιιοο
1010 3565 1202 3665 Tigellium,
1229 3592 1285 3654 aa

162 3699 291 3799 dppodc·
305 3697 375 3770 ἐκεῖ
384 3701 445 3798 γάρ
461 3701 592 3799 διῃτᾶτο
605 3700 729 3772 πλοίων
743 3721 825 3800 παρ·-
877 3705 1062 3798 οορίοαμαά
1069 3703 1285 3778 &caesennae

163 3838 349 3935 ορμοόντων
364 3840 412 3914 ὡς
432 3837 631 3933 φευξόμενος
651 3837 824 3936 ἀπωτέρω.
877 3845 980 3934 aquus·
993 3861 1162 3934 supremae
1175 3813 1284 3916 ιιαοαο·Ι

162 3977 215 4046 καὶ
232 3976 287 4045 τόν
306 3997 343 4068 γε
359 3971 554 4067 πεμφθέντα
567 3975 697 4073 χρυσίῳ
709 3973 825 4072 πολλῷ
875 3980 983 4048 citatis
1025 3981 1157 4074 ιιαιιθο,
1202 3983 1286 4051 αἰτίαν
1375 3998 1379 4007 ·

265 4193 290 4260 1)
325 4190 456 4246 Nissen
467 4205 494 4262 p.
512 4191 563 4246 511
579 4191 657 4245 hano
670 4187 911 4248 declamationem
924 4191 999 4247 fonti
1011 4192 1121 4266 tribuit,
1140 4195 1218 4268 quod
1234 4195 1285 4252 vix

164 4283 210 4334 est
228 4277 375 4348 credibile,
394 4294 461 4332 oum
479 4293 527 4332 res
545 4276 664 4332 uittam
681 4295 767 4349 vagu.
