3018 4796
254 270 300 342 36
1102 278 1144 349 G.
1175 281 1232 364 22,
1259 299 1367 356 as-ea.

250 476 432 551 nobiseum
455 479 699 562 communicat,
728 499 839 570 neque
858 478 1015 564 Tacitus
1044 482 1104 573 qui
1131 504 1161 554 c.
1191 487 1237 558 52
1258 486 1368 557 Vitel-

250 613 337 684 lium
363 615 553 688 aValente
579 616 788 706 instigatum
815 636 891 688 esse
917 619 1039 702 tradit,
1058 620 1159 692 illum
1186 623 1369 698 dubitasse

251 751 348 823 dicit.
402 754 527 842 Itaque
561 759 679 824 textus
713 760 899 843 corruptus
931 775 1009 828 esse
1044 758 1196 832 videtur.
1249 761 1368 851 Atque

251 888 500 960 Mendelssohn
526 890 596 962 leni
625 891 818 963 mutatione
846 892 1068 965 scribendum
1099 897 1283 986 proposuit
1307 904 1368 993 τῆς

251 1022 310 1117 pia
337 1023 481 1122 πρόσθεν
508 1027 644 1123 ἡμέρας,
673 1028 725 1100 ita
750 1034 791 1099 ut
817 1027 996 1118 aquiliferi
1023 1029 1059 1100 in
1086 1037 1205 1104 castra
1229 1032 1367 1106 Vitellii
1487 1031 1488 1042 ³

249 1163 422 1234 adventus
454 1162 726 1253 significaretur.
787 1164 845 1235 Ita
880 1163 997 1234 omnia
1029 1166 1118 1236 bene
1151 1187 1188 1238 se
1222 1169 1363 1242 habent.

247 1301 388 1372 Incerto
420 1301 543 1374 nuntio
576 1301 696 1373 adlato
727 1300 893 1372 Vitellius
929 1300 1117 1374 dubitabat
1144 1307 1179 1374 et
1204 1304 1364 1390 timebat,

246 1433 386 1526 postero
427 1438 483 1508 die
524 1459 546 1509 a
585 1438 734 1510 Valente
773 1437 949 1509 excitatus
989 1437 1174 1528 imperium
1214 1442 1363 1531 accepit.

248 1569 396 1669 deoilev
430 1575 669 1656 scribendum,
702 1574 786 1666 quia
820 1573 1006 1671 ἔμπροσθεν
1041 1596 1120 1650 cum
1152 1579 1264 1676 ἡμέρα
1296 1600 1365 1652 non

248 1710 474 1802 coniungitur
500 1707 562 1808 (11.
581 1714 672 1784 Xan.
693 1714 759 1783 An.
779 1713 827 1797 Π,
858 1713 891 1797 3,
919 1715 988 1809 imp
1008 1711 1066 1807 μὲν
1085 1713 1229 1811 πρόσθεν
1254 1717 1367 1813 ἡμέρᾳ

245 1898 255 1916 .
273 1899 281 1917 .
300 1899 308 1918 .
325 1850 398 1920 τότε
413 1848 450 1919 δὲ
467 1857 533 1922 111.
587 1851 667 1922 Η11
684 1851 796 1940 igitur
809 1850 1023 1922 Plutarchus
1038 1852 1179 1924 aliunde
1196 1849 1364 1952 hausit¹).

248 2027 298 2038 --
315 1986 369 2058 lde
397 1988 594 2078 suspectius
621 1989 793 2078 estquod
820 1988 944 2058 deinde
961 1987 1123 2078 legimns.
1160 1989 1364 2062 Mirandum

247 2124 357 2207 enim,
404 2127 494 2216 quod
548 2124 753 2197 Suetonium
796 2124 1104 2214 diligentissimum
1149 2125 1227 2198 eius
1270 2126 1364 2196 modi

245 2259 458 2332 fabellarum
491 2261 763 2352 conquisitorem
797 2261 885 2332 haec
913 2263 1050 2351 quidem
1078 2261 1172 2352 fugit
1199 2257 1261 2358 (11.
1288 2259 1360 2332 Vit

244 2418 275 2468 c.
301 2392 352 2495 il).
406 2398 538 2488 Credas
556 2398 708 2472 fortasse
734 2404 878 2488 propter
904 2398 1061 2470 additum
1090 2400 1239 2472 verbum
1265 2395 1369 2492 φασὶν-

245 2535 477 2608 Plutarchum
508 2537 684 2626 integram
716 2538 885 2626 praebere
911 2536 1231 2619 namatiunculnm
1259 2554 1364 2625 quam

247 2672 393 2744 auribus
426 2673 640 2764 perceperit,
680 2675 742 2745 sed
781 2693 825 2746 ex
864 2673 940 2746 eius
980 2673 1074 2744 modi
1113 2671 1364 2742 additamentis

246 2809 336 2884 nihil
375 2810 538 2881 concludi
576 2829 678 2900 posse
717 2809 811 2880 infra
852 2809 1059 2880 videbimus.
1125 2807 1203 2890 Qua
1241 2826 1280 2878 re
1320 2827 1364 2879 ex

246 2947 417 3020 hocloco
443 2947 534 3019 nihil
560 2946 809 3028 concluserim,
839 2946 900 3016 sed
926 2963 1016 3034 quae
1043 2941 1244 3033 discrepant
1269 2947 1364 3034 apud

244 3084 477 3158 Plutarchum
511 3083 582 3156 alio
616 3085 718 3160 modo
752 3087 834 3154 sunt
859 3081 1068 3170 explicanda
1083 3075 1125 3178 ²).
1180 3081 1249 3152 Sed
1274 3082 1363 3153 haec

245 3223 427 3294 hactenus.

349 3512 375 3578 i)
408 3507 524 3564 ffiauss
549 3508 619 3564 adn.
642 3508 677 3564 aa
697 3511 779 3564 reete
802 3506 938 3562 Glasonio
960 3505 1090 3574 obsistit,¹
1113 3505 1162 3576 qui
1183 3521 1211 3577 p.
1232 3506 1266 3562 31
1288 3506 1363 3562 haec

244 3595 395 3650 Plutarchi
412 3594 503 3650 verba
522 3599 586 3649 orta
604 3609 670 3647 esse
692 3597 795 3648 censet
813 3609 850 3678 11
868 3592 936 3674 Tac.
955 3610 978 3647 c.
997 3593 1042 3661 57,
1061 3593 1076 3646 7
1094 3594 1168 3642 scires
1185 3593 1251 3644 illum
1269 3595 1362 3662 (exer-

246 3680 337 3736 citum
355 3681 548 3753 superiorem)
561 3682 644 3747 priore
663 3681 731 3730 biduo
748 3699 793 3730 noa
810 3698 880 3742 panea
898 3697 946 3729 rem
961 3677 1079 3744 publicum
1087 3678 1178 3742 fuisse.

345 3785 373 3850 2)
408 3781 553 3855 Equidem
569 3781 762 3836 Plutarchum
783 3781 943 3836 memoriae
965 3777 1038 3836 vitio
1061 3778 1136 3834 duas
1157 3797 1206 3836 res
1228 3777 1362 3835 diverses

244 3884 263 3922 a
280 3867 382 3923 Tacito
400 3885 535 3924 seorsum
552 3873 687 3922 narratas
705 3867 737 3922 in
753 3884 847 3922 unum
865 3864 1047 3922 contraxisse
1066 3864 1205 3938 auspicor.
1241 3863 1362 3920 Tacitus

245 3951 331 4022 enim,
358 3959 514 4026 postquam
543 3955 622 4010 157
650 3951 798 4008 Vitellium
820 3953 1025 4024 imperatorem
1052 3951 1269 4008 consalutatum
1295 3965 1362 4004 esse

243 4038 382 4108 11111111,
406 4057 430 4094 1.
452 4042 552 4097 58-61
575 4039 645 4112 quid
667 4039 698 4094 in
721 4039 828 4096 ceteris
850 4036 1009 4110 provinciis
1032 4037 1173 4094 occiderit
1192 4033 1313 4108 exponit
1329 4065 1361 4076 ·—

243 4124 322 4196 quod
340 4124 515 4182 Plutarchus
533 4125 743 4198 praetermittit
760 4157 793 4165 -
812 4130 843 4181 et
860 4142 884 4179 c.
902 4123 936 4179 62
955 4123 992 4180 ad
1009 4123 1162 4180 Vitellium
1178 4121 1257 4177 redit
1274 4127 1362 4193 atque
1481 4113 1482 4124 ¹

243 4210 280 4266 de
312 4209 407 4266 titulis
433 4211 616 4284 principatus
647 4213 722 4268 haec
744 4211 867 4268 exhibet
891 4227 918 4266 v.
941 4211 957 4266 6
981 4227 1023 4282 sq.
1068 4214 1176 4277 1111111
1207 4209 1315 4260 Vitellius
1341 4219 1363 4260 et
