<?xml version="1.0" encoding="UTF-8"?>
<!DOCTYPE html PUBLIC "-//W3C//DTD XHTML 1.0 Transitional//EN"
    "http://www.w3.org/TR/xhtml1/DTD/xhtml1-transitional.dtd">
<html xmlns="http://www.w3.org/1999/xhtml" xml:lang="en" lang="en">
 <head>
  <title>
</title>
<meta http-equiv="Content-Type" content="text/html;charset=utf-8" />
  <meta name='ocr-system' content='tesseract 3.04.00' />
  <meta name='ocr-capabilities' content='ocr_page ocr_carea ocr_par ocr_line ocrx_word'/>
</head>
<body>
  <div class='ocr_page' id='page_1' title='image "./deplutarchiinga00lezigoog_0034.png"; bbox 0 0 3018 4796; ppageno 0'>
   <div class='ocr_carea' id='block_1_1' title="bbox 142 328 1285 460">
    <p class='ocr_par' dir='ltr' id='par_1_1' title="bbox 142 328 1285 460">
     <span class='ocr_line' id='line_1_1' title="bbox 142 328 1285 460; baseline -0.01 -50"><span class='ocrx_word' id='word_1_1' title='bbox 142 341 187 412; x_wconf 77' lang='lat' dir='ltr'><em>G.</em></span> <span class='ocrx_word' id='word_1_2' title='bbox 218 339 275 421; x_wconf 77' lang='grc'><em>22,</em></span> <span class='ocrx_word' id='word_1_3' title='bbox 304 355 376 408; x_wconf 87' lang='lat'>1-9.</span> <span class='ocrx_word' id='word_1_4' title='bbox 1213 328 1285 460; x_wconf 18' lang='lat'><em>29¹</em></span> 
     </span>
    </p>
   </div>
   <div class='ocr_carea' id='block_1_2' title="bbox 139 532 1340 3365">
    <p class='ocr_par' dir='ltr' id='par_1_2' title="bbox 139 532 1340 3365">
     <span class='ocr_line' id='line_1_2' title="bbox 143 532 1263 633; baseline -0.012 -19"><span class='ocrx_word' id='word_1_5' title='bbox 143 542 332 614; x_wconf 84' lang='lat' dir='ltr'><em>ioibnlonnn</em></span> <span class='ocrx_word' id='word_1_6' title='bbox 375 541 505 633; x_wconf 80' lang='lat' dir='ltr'><em>portem</em></span> <span class='ocrx_word' id='word_1_7' title='bbox 550 537 580 606; x_wconf 82' lang='lat' dir='ltr'><em>a</em></span> <span class='ocrx_word' id='word_1_8' title='bbox 618 532 745 625; x_wconf 76' lang='lat' dir='ltr'><em>orobitae</em></span> <span class='ocrx_word' id='word_1_9' title='bbox 794 533 928 604; x_wconf 79' lang='lat' dir='ltr'><em>dononios</em></span> <span class='ocrx_word' id='word_1_10' title='bbox 971 540 1004 604; x_wconf 92' lang='lat' dir='ltr'><em>in</em></span> <span class='ocrx_word' id='word_1_11' title='bbox 1048 538 1263 629; x_wconf 76' lang='lat' dir='ltr'><em>ignominiam</em></span> 
     </span>
     <span class='ocr_line' id='line_1_3' title="bbox 140 668 1263 766; baseline -0.012 -14"><span class='ocrx_word' id='word_1_12' title='bbox 140 681 301 752; x_wconf 75' lang='lat' dir='ltr'><em>enormius</em></span> <span class='ocrx_word' id='word_1_13' title='bbox 328 672 496 747; x_wconf 82' lang='lat' dir='ltr'><em>iootobont</em></span> <span class='ocrx_word' id='word_1_14' title='bbox 516 678 551 743; x_wconf 86' lang='lat' dir='ltr'><em>et</em></span> <span class='ocrx_word' id='word_1_15' title='bbox 574 692 603 742; x_wconf 88' lang='lat' dir='ltr'><em>c.</em></span> <span class='ocrx_word' id='word_1_16' title='bbox 631 671 689 754; x_wconf 82' lang='lat'><em>53,</em></span> <span class='ocrx_word' id='word_1_17' title='bbox 718 673 762 741; x_wconf 86' lang='lat' dir='ltr'><em>ll</em></span> <span class='ocrx_word' id='word_1_18' title='bbox 790 693 840 760; x_wconf 93' lang='lat' dir='ltr'><em>sq.</em></span> <span class='ocrx_word' id='word_1_19' title='bbox 873 670 1063 742; x_wconf 80' lang='lat' dir='ltr'><em>Tricorios</em></span> <span class='ocrx_word' id='word_1_20' title='bbox 1088 668 1263 766; x_wconf 79' lang='lat' dir='ltr'><em>Lingones,</em></span> 
     </span>
     <span class='ocr_line' id='line_1_4' title="bbox 139 804 1264 912; baseline -0.009 -26"><span class='ocrx_word' id='word_1_21' title='bbox 139 835 285 912; x_wconf 80' lang='lat' dir='ltr'><em>quosque</em></span> <span class='ocrx_word' id='word_1_22' title='bbox 336 812 423 882; x_wconf 86' lang='lat' dir='ltr'><em>otios</em></span> <span class='ocrx_word' id='word_1_23' title='bbox 472 811 612 880; x_wconf 78' lang='lat' dir='ltr'><em>ciuitates</em></span> <span class='ocrx_word' id='word_1_24' title='bbox 668 805 830 877; x_wconf 82' lang='lat' dir='ltr'><em>atrocibus</em></span> <span class='ocrx_word' id='word_1_25' title='bbox 880 808 990 878; x_wconf 82' lang='lat' dir='ltr'><em>odietis</em></span> <span class='ocrx_word' id='word_1_26' title='bbox 1040 811 1099 877; x_wconf 80' lang='lat' dir='ltr'><em>oroi</em></span> <span class='ocrx_word' id='word_1_27' title='bbox 1145 804 1264 876; x_wconf 74' lang='lat' dir='ltr'><em>dornoso</em></span> 
     </span>
     <span class='ocr_line' id='line_1_5' title="bbox 139 942 1264 1050; baseline -0.009 -27"><span class='ocrx_word' id='word_1_28' title='bbox 139 955 259 1050; x_wconf 79' lang='lat' dir='ltr'><em>finirem</em></span> <span class='ocrx_word' id='word_1_29' title='bbox 300 947 403 1019; x_wconf 78' lang='lat' dir='ltr'><em>totto</em></span> <span class='ocrx_word' id='word_1_30' title='bbox 430 946 621 1040; x_wconf 76' lang='lat' dir='ltr'><em>neroniani,</em></span> <span class='ocrx_word' id='word_1_31' title='bbox 655 942 799 1015; x_wconf 77' lang='lat' dir='ltr'><em>hibernis</em></span> <span class='ocrx_word' id='word_1_32' title='bbox 830 947 994 1041; x_wconf 80' lang='lat' dir='ltr'><em>legionum</em></span> <span class='ocrx_word' id='word_1_33' title='bbox 1018 950 1154 1038; x_wconf 81' lang='lat' dir='ltr'><em>propias</em></span> <span class='ocrx_word' id='word_1_34' title='bbox 1187 949 1264 1013; x_wconf 87' lang='lat' dir='ltr'><em>nis·</em></span> 
     </span>
     <span class='ocr_line' id='line_1_6' title="bbox 146 1081 1264 1173; baseline -0.008 -13"><span class='ocrx_word' id='word_1_35' title='bbox 146 1092 271 1160; x_wconf 74' lang='lat' dir='ltr'><em>cecoton.</em></span> <span class='ocrx_word' id='word_1_36' title='bbox 333 1087 422 1156; x_wconf 84' lang='lat' dir='ltr'><em>Sane</em></span> <span class='ocrx_word' id='word_1_37' title='bbox 469 1101 642 1172; x_wconf 84' lang='lat' dir='ltr'>nusquam</span> <span class='ocrx_word' id='word_1_38' title='bbox 693 1088 813 1170; x_wconf 88' lang='lat' dir='ltr'><em>aparte</em></span> <span class='ocrx_word' id='word_1_39' title='bbox 867 1081 968 1166; x_wconf 85' lang='lat' dir='ltr'><em>dicit,</em></span> <span class='ocrx_word' id='word_1_40' title='bbox 1014 1083 1074 1173; x_wconf 89' lang='lat' dir='ltr'><em>qui</em></span> <span class='ocrx_word' id='word_1_41' title='bbox 1116 1103 1138 1152; x_wconf 89' lang='lat' dir='ltr'><em>a</em></span> <span class='ocrx_word' id='word_1_42' title='bbox 1180 1081 1264 1151; x_wconf 89' lang='lat' dir='ltr'><em>Vin·</em></span> 
     </span>
     <span class='ocr_line' id='line_1_7' title="bbox 150 1219 1264 1307; baseline -0.009 -10"><span class='ocrx_word' id='word_1_43' title='bbox 150 1224 226 1296; x_wconf 88' lang='lat' dir='ltr'><em>dice</em></span> <span class='ocrx_word' id='word_1_44' title='bbox 253 1223 438 1303; x_wconf 78' lang='lat' dir='ltr'><em>stetissent,</em></span> <span class='ocrx_word' id='word_1_45' title='bbox 475 1239 535 1290; x_wconf 88' lang='lat' dir='ltr'><em>eos</em></span> <span class='ocrx_word' id='word_1_46' title='bbox 563 1220 719 1301; x_wconf 89' lang='lat' dir='ltr'><em>donatos,</em></span> <span class='ocrx_word' id='word_1_47' title='bbox 748 1225 783 1288; x_wconf 89' lang='lat' dir='ltr'><em>et</em></span> <span class='ocrx_word' id='word_1_48' title='bbox 810 1219 870 1307; x_wconf 87' lang='lat' dir='ltr'><em>qui</em></span> <span class='ocrx_word' id='word_1_49' title='bbox 896 1219 1029 1290; x_wconf 86' lang='lat' dir='ltr'><em>Neroni</em></span> <span class='ocrx_word' id='word_1_50' title='bbox 1063 1219 1166 1289; x_wconf 90' lang='lat' dir='ltr'><em>fidem</em></span> <span class='ocrx_word' id='word_1_51' title='bbox 1193 1237 1264 1290; x_wconf 90' lang='lat' dir='ltr'><em>ser·</em></span> 
     </span>
     <span class='ocr_line' id='line_1_8' title="bbox 148 1355 1265 1448; baseline -0.006 -15"><span class='ocrx_word' id='word_1_52' title='bbox 148 1365 299 1442; x_wconf 80' lang='lat' dir='ltr'><em>vasseni,</em></span> <span class='ocrx_word' id='word_1_53' title='bbox 329 1359 520 1448; x_wconf 90' lang='lat' dir='ltr'><em>increpitos</em></span> <span class='ocrx_word' id='word_1_54' title='bbox 548 1376 637 1426; x_wconf 89' lang='lat' dir='ltr'><em>esse:</em></span> <span class='ocrx_word' id='word_1_55' title='bbox 666 1357 726 1425; x_wconf 89' lang='lat' dir='ltr'><em>sed</em></span> <span class='ocrx_word' id='word_1_56' title='bbox 751 1356 817 1426; x_wconf 90' lang='lat' dir='ltr'><em>hoc</em></span> <span class='ocrx_word' id='word_1_57' title='bbox 835 1376 878 1426; x_wconf 87' lang='lat' dir='ltr'><em>ex</em></span> <span class='ocrx_word' id='word_1_58' title='bbox 897 1377 1032 1427; x_wconf 85' lang='lat' dir='ltr'><em>conexu</em></span> <span class='ocrx_word' id='word_1_59' title='bbox 1049 1355 1265 1428; x_wconf 79' lang='lat' dir='ltr'><em>narrationis</em></span> 
     </span>
     <span class='ocr_line' id='line_1_9' title="bbox 144 1493 1265 1584; baseline -0.005 -16"><span class='ocrx_word' id='word_1_60' title='bbox 144 1503 240 1568; x_wconf 86' lang='lat' dir='ltr'><em>recte</em></span> <span class='ocrx_word' id='word_1_61' title='bbox 268 1495 425 1584; x_wconf 83' lang='lat' dir='ltr'><em>conlegit</em></span> <span class='ocrx_word' id='word_1_62' title='bbox 457 1493 640 1583; x_wconf 89' lang='lat' dir='ltr'><em>potuitque</em></span> <span class='ocrx_word' id='word_1_63' title='bbox 669 1493 857 1582; x_wconf 82' lang='lat' dir='ltr'><em>conligere.</em></span> <span class='ocrx_word' id='word_1_64' title='bbox 886 1533 935 1544; x_wconf 92' lang='lat'><em>—-</em></span> <span class='ocrx_word' id='word_1_65' title='bbox 962 1495 1145 1578; x_wconf 71' lang='lat' dir='ltr'><em>Quanam,</em></span> <span class='ocrx_word' id='word_1_66' title='bbox 1173 1494 1265 1583; x_wconf 89' lang='lat' dir='ltr'><em>quod</em></span> 
     </span>
     <span class='ocr_line' id='line_1_10' title="bbox 144 1630 1265 1721; baseline -0.002 -17"><span class='ocrx_word' id='word_1_67' title='bbox 144 1633 364 1704; x_wconf 77' lang='lat' dir='ltr'><em>Plutarchus</em></span> <span class='ocrx_word' id='word_1_68' title='bbox 390 1651 518 1720; x_wconf 83' lang='lat' dir='ltr'><em>magna</em></span> <span class='ocrx_word' id='word_1_69' title='bbox 544 1630 745 1720; x_wconf 86' lang='lat' dir='ltr'><em>eloquentia</em></span> <span class='ocrx_word' id='word_1_70' title='bbox 771 1630 897 1713; x_wconf 86' lang='lat' dir='ltr'><em>adfert,</em></span> <span class='ocrx_word' id='word_1_71' title='bbox 918 1632 1015 1702; x_wconf 81' lang='lat' dir='ltr'><em>deest</em></span> <span class='ocrx_word' id='word_1_72' title='bbox 1042 1632 1135 1721; x_wconf 89' lang='lat' dir='ltr'><em>apud</em></span> <span class='ocrx_word' id='word_1_73' title='bbox 1162 1631 1265 1702; x_wconf 83' lang='lat' dir='ltr'><em>Tasi-</em></span> 
     </span>
     <span class='ocr_line' id='line_1_11' title="bbox 150 1766 1265 1857; baseline -0.001 -17"><span class='ocrx_word' id='word_1_74' title='bbox 150 1776 236 1839; x_wconf 90' lang='lat' dir='ltr'><em>tum.</em></span> <span class='ocrx_word' id='word_1_75' title='bbox 287 1769 384 1840; x_wconf 81' lang='lat' dir='ltr'><em>Fieri</em></span> <span class='ocrx_word' id='word_1_76' title='bbox 410 1773 535 1857; x_wconf 89' lang='lat' dir='ltr'><em>potest,</em></span> <span class='ocrx_word' id='word_1_77' title='bbox 568 1772 610 1838; x_wconf 90' lang='lat' dir='ltr'><em>ut</em></span> <span class='ocrx_word' id='word_1_78' title='bbox 635 1767 703 1837; x_wconf 89' lang='lat' dir='ltr'><em>hoe</em></span> <span class='ocrx_word' id='word_1_79' title='bbox 729 1766 800 1838; x_wconf 90' lang='lat' dir='ltr'><em>alio</em></span> <span class='ocrx_word' id='word_1_80' title='bbox 833 1767 963 1856; x_wconf 88' lang='lat' dir='ltr'><em>scripto</em></span> <span class='ocrx_word' id='word_1_81' title='bbox 991 1767 1087 1838; x_wconf 87' lang='lat' dir='ltr'><em>fonte</em></span> <span class='ocrx_word' id='word_1_82' title='bbox 1119 1768 1265 1852; x_wconf 89' lang='lat' dir='ltr'><em>nitatur,</em></span> 
     </span>
     <span class='ocr_line' id='line_1_12' title="bbox 150 1903 1267 2002; baseline -0.001 -26"><span class='ocrx_word' id='word_1_83' title='bbox 150 1913 188 1976; x_wconf 90' lang='lat' dir='ltr'><em>ut</em></span> <span class='ocrx_word' id='word_1_84' title='bbox 214 1907 351 1976; x_wconf 86' lang='lat' dir='ltr'><em>Krauss</em></span> <span class='ocrx_word' id='word_1_85' title='bbox 381 1905 469 1988; x_wconf 89' lang='lat' dir='ltr'><em>vult,</em></span> <span class='ocrx_word' id='word_1_86' title='bbox 498 1905 559 2002; x_wconf 80' lang='lat' dir='ltr'><em>scd</em></span> <span class='ocrx_word' id='word_1_87' title='bbox 588 1904 707 1974; x_wconf 88' lang='lat' dir='ltr'><em>eodem</em></span> <span class='ocrx_word' id='word_1_88' title='bbox 733 1903 809 1973; x_wconf 90' lang='lat' dir='ltr'><em>iure</em></span> <span class='ocrx_word' id='word_1_89' title='bbox 833 1905 984 1993; x_wconf 89' lang='lat' dir='ltr'><em>cogitari</em></span> <span class='ocrx_word' id='word_1_90' title='bbox 1007 1904 1100 1987; x_wconf 90' lang='lat' dir='ltr'><em>licet,</em></span> <span class='ocrx_word' id='word_1_91' title='bbox 1125 1905 1267 1975; x_wconf 89' lang='lat' dir='ltr'><em>Plutar-</em></span> 
     </span>
     <span class='ocr_line' id='line_1_13' title="bbox 146 2040 1265 2132; baseline -0.002 -18"><span class='ocrx_word' id='word_1_92' title='bbox 146 2044 261 2125; x_wconf 84' lang='lat' dir='ltr'><em>chum,</em></span> <span class='ocrx_word' id='word_1_93' title='bbox 289 2042 350 2132; x_wconf 88' lang='lat' dir='ltr'><em>qui</em></span> <span class='ocrx_word' id='word_1_94' title='bbox 378 2042 553 2112; x_wconf 88' lang='lat' dir='ltr'><em>interdum</em></span> <span class='ocrx_word' id='word_1_95' title='bbox 580 2041 659 2130; x_wconf 91' lang='lat' dir='ltr'><em>plus</em></span> <span class='ocrx_word' id='word_1_96' title='bbox 686 2061 797 2129; x_wconf 89' lang='lat' dir='ltr'><em>aequo</em></span> <span class='ocrx_word' id='word_1_97' title='bbox 823 2040 967 2111; x_wconf 89' lang='lat' dir='ltr'><em>inducat</em></span> <span class='ocrx_word' id='word_1_98' title='bbox 994 2041 1132 2125; x_wconf 85' lang='lat' dir='ltr'><em>eoloris,</em></span> <span class='ocrx_word' id='word_1_99' title='bbox 1159 2042 1196 2111; x_wconf 90' lang='lat' dir='ltr'><em>id</em></span> <span class='ocrx_word' id='word_1_100' title='bbox 1223 2043 1265 2112; x_wconf 90' lang='lat' dir='ltr'><em>dc</em></span> 
     </span>
     <span class='ocr_line' id='line_1_14' title="bbox 145 2143 1265 2268; baseline -0.003 -16"><span class='ocrx_word' id='word_1_101' title='bbox 145 2199 209 2252; x_wconf 88' lang='lat' dir='ltr'><em>suo</em></span> <span class='ocrx_word' id='word_1_102' title='bbox 229 2180 404 2250; x_wconf 89' lang='lat' dir='ltr'><em>addidsse.</em></span> <span class='ocrx_word' id='word_1_103' title='bbox 449 2179 528 2250; x_wconf 87' lang='lat' dir='ltr'><em>Hoc</em></span> <span class='ocrx_word' id='word_1_104' title='bbox 547 2199 588 2248; x_wconf 89' lang='lat' dir='ltr'><em>eo</em></span> <span class='ocrx_word' id='word_1_105' title='bbox 606 2177 684 2250; x_wconf 84' lang='lat' dir='ltr'><em>reri</em></span> <span class='ocrx_word' id='word_1_106' title='bbox 702 2177 852 2248; x_wconf 90' lang='lat' dir='ltr'><em>similius</em></span> <span class='ocrx_word' id='word_1_107' title='bbox 880 2183 943 2261; x_wconf 85' lang='lat' dir='ltr'><em>est,</em></span> <span class='ocrx_word' id='word_1_108' title='bbox 957 2143 1055 2268; x_wconf 46' lang='lat' dir='ltr'><em>&#39;quod</em></span> <span class='ocrx_word' id='word_1_109' title='bbox 1070 2179 1169 2249; x_wconf 80' lang='lat' dir='ltr'><em>haec</em></span> <span class='ocrx_word' id='word_1_110' title='bbox 1195 2152 1265 2249; x_wconf 86' lang='lat' dir='ltr'><em>non</em></span> 
     </span>
     <span class='ocr_line' id='line_1_15' title="bbox 152 2307 1268 2405; baseline 0.001 -19"><span class='ocrx_word' id='word_1_111' title='bbox 152 2317 229 2405; x_wconf 87' lang='lat' dir='ltr'><em>ipse</em></span> <span class='ocrx_word' id='word_1_112' title='bbox 257 2316 344 2386; x_wconf 91' lang='lat' dir='ltr'><em>dicit</em></span> <span class='ocrx_word' id='word_1_113' title='bbox 370 2316 429 2385; x_wconf 90' lang='lat' dir='ltr'><em>sed</em></span> <span class='ocrx_word' id='word_1_114' title='bbox 454 2315 585 2386; x_wconf 86' lang='lat' dir='ltr'><em>milites</em></span> <span class='ocrx_word' id='word_1_115' title='bbox 612 2316 767 2385; x_wconf 89' lang='lat' dir='ltr'><em>dicentes</em></span> <span class='ocrx_word' id='word_1_116' title='bbox 793 2315 892 2398; x_wconf 84' lang='lat' dir='ltr'><em>fucit,</em></span> <span class='ocrx_word' id='word_1_117' title='bbox 915 2335 1025 2405; x_wconf 89' lang='lat' dir='ltr'><em>neque</em></span> <span class='ocrx_word' id='word_1_118' title='bbox 1052 2307 1108 2386; x_wconf 88' lang='lat' dir='ltr'><em>res</em></span> <span class='ocrx_word' id='word_1_119' title='bbox 1135 2337 1177 2386; x_wconf 85' lang='lat' dir='ltr'><em>aa</em></span> <span class='ocrx_word' id='word_1_120' title='bbox 1204 2321 1268 2400; x_wconf 88' lang='lat' dir='ltr'><em>est,</em></span> 
     </span>
     <span class='ocr_line' id='line_1_16' title="bbox 153 2451 1267 2542; baseline 0.001 -19"><span class='ocrx_word' id='word_1_121' title='bbox 153 2472 257 2542; x_wconf 87' lang='lat' dir='ltr'><em>quam</em></span> <span class='ocrx_word' id='word_1_122' title='bbox 284 2451 482 2542; x_wconf 88' lang='lat' dir='ltr'><em>exscripto</em></span> <span class='ocrx_word' id='word_1_123' title='bbox 510 2451 606 2522; x_wconf 84' lang='lat' dir='ltr'><em>fonte</em></span> <span class='ocrx_word' id='word_1_124' title='bbox 639 2452 804 2522; x_wconf 80' lang='lat' dir='ltr'><em>haustam</em></span> <span class='ocrx_word' id='word_1_125' title='bbox 841 2473 917 2522; x_wconf 89' lang='lat' dir='ltr'><em>esse</em></span> <span class='ocrx_word' id='word_1_126' title='bbox 949 2473 1091 2524; x_wconf 82' lang='lat' dir='ltr'><em>necesse</em></span> <span class='ocrx_word' id='word_1_127' title='bbox 1124 2454 1182 2524; x_wconf 89' lang='lat' dir='ltr'><em>sit.</em></span> <span class='ocrx_word' id='word_1_128' title='bbox 1216 2492 1267 2506; x_wconf 91' lang='lat'><em>-</em></span> 
     </span>
     <span class='ocr_line' id='line_1_17' title="bbox 149 2589 1266 2679; baseline 0.001 -20"><span class='ocrx_word' id='word_1_129' title='bbox 149 2589 276 2660; x_wconf 92' lang='lat' dir='ltr'><em>Omnia</em></span> <span class='ocrx_word' id='word_1_130' title='bbox 302 2589 412 2678; x_wconf 86' lang='lat' dir='ltr'><em>igitur</em></span> <span class='ocrx_word' id='word_1_131' title='bbox 439 2608 529 2679; x_wconf 87' lang='lat' dir='ltr'><em>quae</em></span> <span class='ocrx_word' id='word_1_132' title='bbox 556 2594 638 2659; x_wconf 90' lang='lat' dir='ltr'><em>sunt</em></span> <span class='ocrx_word' id='word_1_133' title='bbox 664 2589 815 2658; x_wconf 88' lang='lat' dir='ltr'><em>alicuius</em></span> <span class='ocrx_word' id='word_1_134' title='bbox 840 2590 1015 2673; x_wconf 86' lang='lat' dir='ltr'><em>momenti,</em></span> <span class='ocrx_word' id='word_1_135' title='bbox 1042 2592 1136 2679; x_wconf 90' lang='lat' dir='ltr'><em>apud</em></span> <span class='ocrx_word' id='word_1_136' title='bbox 1164 2591 1266 2662; x_wconf 78' lang='lat' dir='ltr'><em>Taci-</em></span> 
     </span>
     <span class='ocr_line' id='line_1_18' title="bbox 143 2726 1268 2815; baseline 0.003 -19"><span class='ocrx_word' id='word_1_137' title='bbox 143 2733 220 2797; x_wconf 89' lang='lat' dir='ltr'><em>tum</em></span> <span class='ocrx_word' id='word_1_138' title='bbox 248 2732 400 2810; x_wconf 88' lang='lat' dir='ltr'><em>exstant,</em></span> <span class='ocrx_word' id='word_1_139' title='bbox 428 2726 499 2797; x_wconf 91' lang='lat' dir='ltr'><em>nisi</em></span> <span class='ocrx_word' id='word_1_140' title='bbox 526 2728 617 2815; x_wconf 89' lang='lat' dir='ltr'><em>quod</em></span> <span class='ocrx_word' id='word_1_141' title='bbox 644 2727 859 2797; x_wconf 87' lang='lat' dir='ltr'><em>Plutarchus</em></span> <span class='ocrx_word' id='word_1_142' title='bbox 886 2747 928 2797; x_wconf 87' lang='lat' dir='ltr'><em>ec</em></span> <span class='ocrx_word' id='word_1_143' title='bbox 954 2746 1023 2798; x_wconf 92' lang='lat' dir='ltr'><em>uno</em></span> <span class='ocrx_word' id='word_1_144' title='bbox 1047 2727 1124 2798; x_wconf 90' lang='lat' dir='ltr'><em>loco</em></span> <span class='ocrx_word' id='word_1_145' title='bbox 1153 2727 1268 2799; x_wconf 83' lang='lat' dir='ltr'><em>adfert</em></span> 
     </span>
     <span class='ocr_line' id='line_1_19' title="bbox 142 2863 1267 2952; baseline 0.003 -19"><span class='ocrx_word' id='word_1_146' title='bbox 142 2863 387 2952; x_wconf 85' lang='lat' dir='ltr'><em>militibusque</em></span> <span class='ocrx_word' id='word_1_147' title='bbox 401 2863 538 2934; x_wconf 89' lang='lat' dir='ltr'><em>tribuit.</em></span> <span class='ocrx_word' id='word_1_148' title='bbox 571 2863 691 2932; x_wconf 85' lang='lat' dir='ltr'><em>Etiam</em></span> <span class='ocrx_word' id='word_1_149' title='bbox 706 2863 736 2932; x_wconf 90' lang='lat' dir='ltr'><em>si</em></span> <span class='ocrx_word' id='word_1_150' title='bbox 751 2884 966 2934; x_wconf 90' lang='lat' dir='ltr'><em>communem</em></span> <span class='ocrx_word' id='word_1_151' title='bbox 981 2865 1111 2936; x_wconf 85' lang='lat' dir='ltr'><em>iontem</em></span> <span class='ocrx_word' id='word_1_152' title='bbox 1132 2871 1267 2938; x_wconf 88' lang='lat' dir='ltr'><em>statua-</em></span> 
     </span>
     <span class='ocr_line' id='line_1_20' title="bbox 147 2999 1268 3090; baseline 0.004 -21"><span class='ocrx_word' id='word_1_153' title='bbox 147 3020 234 3083; x_wconf 86' lang='lat' dir='ltr'><em>mus,</em></span> <span class='ocrx_word' id='word_1_154' title='bbox 265 3002 457 3072; x_wconf 90' lang='lat' dir='ltr'><em>tenendum</em></span> <span class='ocrx_word' id='word_1_155' title='bbox 493 3004 546 3070; x_wconf 89' lang='lat' dir='ltr'><em>est</em></span> <span class='ocrx_word' id='word_1_156' title='bbox 578 2999 616 3069; x_wconf 90' lang='lat' dir='ltr'><em>in</em></span> <span class='ocrx_word' id='word_1_157' title='bbox 642 3018 682 3070; x_wconf 89' lang='lat' dir='ltr'><em>eo</em></span> <span class='ocrx_word' id='word_1_158' title='bbox 716 2999 805 3070; x_wconf 89' lang='lat' dir='ltr'><em>haec</em></span> <span class='ocrx_word' id='word_1_159' title='bbox 832 3001 1004 3090; x_wconf 87' lang='lat' dir='ltr'><em>dissipata</em></span> <span class='ocrx_word' id='word_1_160' title='bbox 1036 3001 1157 3073; x_wconf 83' lang='lat' dir='ltr'><em>fuisse.</em></span> <span class='ocrx_word' id='word_1_161' title='bbox 1212 3003 1268 3074; x_wconf 86' lang='lat' dir='ltr'><em>Ab</em></span> 
     </span>
     <span class='ocr_line' id='line_1_21' title="bbox 148 3136 1340 3229; baseline 0.003 -23"><span class='ocrx_word' id='word_1_162' title='bbox 148 3137 244 3206; x_wconf 92' lang='lat' dir='ltr'><em>omni</em></span> <span class='ocrx_word' id='word_1_163' title='bbox 271 3137 360 3208; x_wconf 88' lang='lat' dir='ltr'><em>enim</em></span> <span class='ocrx_word' id='word_1_164' title='bbox 388 3137 640 3226; x_wconf 86' lang='lat' dir='ltr'><em>probabilitate</em></span> <span class='ocrx_word' id='word_1_165' title='bbox 667 3136 844 3219; x_wconf 87' lang='lat' dir='ltr'><em>abhorret,</em></span> <span class='ocrx_word' id='word_1_166' title='bbox 874 3137 1036 3209; x_wconf 77' lang='lat' dir='ltr'><em>Tacitum</em></span> <span class='ocrx_word' id='word_1_167' title='bbox 1057 3160 1147 3229; x_wconf 90' lang='lat' dir='ltr'><em>quae</em></span> <span class='ocrx_word' id='word_1_168' title='bbox 1174 3141 1266 3229; x_wconf 90' lang='lat' dir='ltr'><em>apud</em></span> <span class='ocrx_word' id='word_1_169' title='bbox 1338 3143 1340 3147; x_wconf 82' lang='grc'><strong>’</strong></span> 
     </span>
     <span class='ocr_line' id='line_1_22' title="bbox 149 3273 1266 3365; baseline 0.003 -21"><span class='ocrx_word' id='word_1_170' title='bbox 149 3280 328 3345; x_wconf 84' lang='lat' dir='ltr'><em>auctorem</em></span> <span class='ocrx_word' id='word_1_171' title='bbox 354 3275 543 3345; x_wconf 89' lang='lat' dir='ltr'><em>coniuncta</em></span> <span class='ocrx_word' id='word_1_172' title='bbox 571 3273 762 3362; x_wconf 84' lang='lat' dir='ltr'><em>invenisset</em></span> <span class='ocrx_word' id='word_1_173' title='bbox 780 3275 868 3345; x_wconf 89' lang='lat' dir='ltr'><em>adeo</em></span> <span class='ocrx_word' id='word_1_174' title='bbox 897 3275 1089 3346; x_wconf 87' lang='lat' dir='ltr'><em>diffudisse.</em></span> <span class='ocrx_word' id='word_1_175' title='bbox 1140 3278 1266 3365; x_wconf 85' lang='lat' dir='ltr'><em>ltaque</em></span> 
     </span>
    </p>
   </div>
   <div class='ocr_carea' id='block_1_3' title="bbox 152 3409 1383 3503">
    <p class='ocr_par' dir='ltr' id='par_1_3' title="bbox 152 3409 1383 3503">
     <span class='ocr_line' id='line_1_23' title="bbox 152 3409 1383 3503; baseline 0.003 -22"><span class='ocrx_word' id='word_1_176' title='bbox 152 3409 365 3482; x_wconf 80' lang='lat' dir='ltr'><em>Plutarchus</em></span> <span class='ocrx_word' id='word_1_177' title='bbox 393 3409 589 3481; x_wconf 88' lang='lat' dir='ltr'><em>eiusmodi</em></span> <span class='ocrx_word' id='word_1_178' title='bbox 616 3409 712 3480; x_wconf 84' lang='lat' dir='ltr'><em>sonte</em></span> <span class='ocrx_word' id='word_1_179' title='bbox 739 3431 824 3480; x_wconf 92' lang='lat' dir='ltr'><em>usus</em></span> <span class='ocrx_word' id='word_1_180' title='bbox 857 3431 933 3483; x_wconf 89' lang='lat' dir='ltr'><em>esse</em></span> <span class='ocrx_word' id='word_1_181' title='bbox 967 3413 1118 3497; x_wconf 88' lang='lat' dir='ltr'><em>ridetur,</em></span> <span class='ocrx_word' id='word_1_182' title='bbox 1153 3413 1268 3503; x_wconf 89' lang='lat' dir='ltr'><em>qualis</em></span> <span class='ocrx_word' id='word_1_183' title='bbox 1381 3413 1383 3426; x_wconf 82' lang='grc'>’</span> 
     </span>
    </p>
   </div>
   <div class='ocr_carea' id='block_1_4' title="bbox 147 3547 1268 3779">
    <p class='ocr_par' dir='ltr' id='par_1_4' title="bbox 147 3547 1268 3779">
     <span class='ocr_line' id='line_1_24' title="bbox 147 3547 973 3637; baseline 0.005 -21"><span class='ocrx_word' id='word_1_184' title='bbox 147 3551 203 3618; x_wconf 88' lang='lat' dir='ltr'><em>est</em></span> <span class='ocrx_word' id='word_1_185' title='bbox 230 3547 386 3631; x_wconf 84' lang='lat' dir='ltr'><em>Tacitus,</em></span> <span class='ocrx_word' id='word_1_186' title='bbox 414 3568 516 3637; x_wconf 87' lang='lat' dir='ltr'><em>quem</em></span> <span class='ocrx_word' id='word_1_187' title='bbox 544 3567 607 3618; x_wconf 89' lang='lat' dir='ltr'><em>sno</em></span> <span class='ocrx_word' id='word_1_188' title='bbox 635 3547 783 3621; x_wconf 89' lang='lat' dir='ltr'><em>arbitrio</em></span> <span class='ocrx_word' id='word_1_189' title='bbox 811 3550 973 3622; x_wconf 87' lang='lat' dir='ltr'><em>mutavit.</em></span> 
     </span>
     <span class='ocr_line' id='line_1_25' title="bbox 250 3685 1268 3779; baseline 0.003 -23"><span class='ocrx_word' id='word_1_190' title='bbox 250 3685 377 3757; x_wconf 75' lang='lat' dir='ltr'><em>Cetera</em></span> <span class='ocrx_word' id='word_1_191' title='bbox 405 3705 541 3775; x_wconf 88' lang='lat' dir='ltr'><em>quoquc</em></span> <span class='ocrx_word' id='word_1_192' title='bbox 567 3685 643 3774; x_wconf 90' lang='lat' dir='ltr'><em>ipse</em></span> <span class='ocrx_word' id='word_1_193' title='bbox 670 3685 825 3774; x_wconf 88' lang='lat' dir='ltr'><em>disponit</em></span> <span class='ocrx_word' id='word_1_194' title='bbox 851 3692 887 3757; x_wconf 87' lang='lat' dir='ltr'><em>et</em></span> <span class='ocrx_word' id='word_1_195' title='bbox 913 3689 1156 3759; x_wconf 86' lang='lat' dir='ltr'><em>subtilioribus</em></span> <span class='ocrx_word' id='word_1_196' title='bbox 1185 3709 1268 3779; x_wconf 84' lang='lat' dir='ltr'><em>neg·</em></span> 
     </span>
    </p>
   </div>
   <div class='ocr_carea' id='block_1_5' title="bbox 39 3822 1269 3916">
    <p class='ocr_par' dir='ltr' id='par_1_5' title="bbox 39 3822 1269 3916">
     <span class='ocr_line' id='line_1_26' title="bbox 39 3822 1269 3916; baseline 0.002 -22"><span class='ocrx_word' id='word_1_197' title='bbox 39 3887 43 3894; x_wconf 92' lang='lat'><em>.</em></span> <span class='ocrx_word' id='word_1_198' title='bbox 139 3823 245 3894; x_wconf 91' lang='lat' dir='ltr'><em>lectis</em></span> <span class='ocrx_word' id='word_1_199' title='bbox 263 3843 378 3912; x_wconf 87' lang='lat' dir='ltr'><em>neque</em></span> <span class='ocrx_word' id='word_1_200' title='bbox 406 3825 621 3912; x_wconf 89' lang='lat' dir='ltr'><em>superiorem</em></span> <span class='ocrx_word' id='word_1_201' title='bbox 640 3827 675 3892; x_wconf 91' lang='lat' dir='ltr'><em>et</em></span> <span class='ocrx_word' id='word_1_202' title='bbox 693 3822 895 3894; x_wconf 85' lang='lat' dir='ltr'><em>inferiorem</em></span> <span class='ocrx_word' id='word_1_203' title='bbox 919 3825 1138 3914; x_wconf 82' lang='lat' dir='ltr'><em>provinciam</em></span> <span class='ocrx_word' id='word_1_204' title='bbox 1156 3846 1269 3916; x_wconf 90' lang='lat' dir='ltr'><em>neque</em></span> 
     </span>
    </p>
   </div>
   <div class='ocr_carea' id='block_1_6' title="bbox 143 3959 1269 4050">
    <p class='ocr_par' dir='ltr' id='par_1_6' title="bbox 143 3959 1269 4050">
     <span class='ocr_line' id='line_1_27' title="bbox 143 3959 1269 4050; baseline 0.004 -20"><span class='ocrx_word' id='word_1_205' title='bbox 143 3961 325 4032; x_wconf 83' lang='lat' dir='ltr'><em>exercitus</em></span> <span class='ocrx_word' id='word_1_206' title='bbox 353 3960 552 4050; x_wconf 85' lang='lat' dir='ltr'><em>distinguit.</em></span> <span class='ocrx_word' id='word_1_207' title='bbox 598 3959 814 4050; x_wconf 84' lang='lat' dir='ltr'><em>Accipienda</em></span> <span class='ocrx_word' id='word_1_208' title='bbox 840 3969 958 4032; x_wconf 89' lang='lat' dir='ltr'><em>autem</em></span> <span class='ocrx_word' id='word_1_209' title='bbox 977 3969 1059 4032; x_wconf 90' lang='lat' dir='ltr'><em>sunt</em></span> <span class='ocrx_word' id='word_1_210' title='bbox 1084 3964 1201 4034; x_wconf 89' lang='lat' dir='ltr'><em>omnia</em></span> <span class='ocrx_word' id='word_1_211' title='bbox 1228 3966 1269 4034; x_wconf 89' lang='lat' dir='ltr'><em>de</em></span> 
     </span>
    </p>
   </div>
   <div class='ocr_carea' id='block_1_7' title="bbox 148 4097 1411 4189">
    <p class='ocr_par' dir='ltr' id='par_1_7' title="bbox 148 4097 1411 4189">
     <span class='ocr_line' id='line_1_28' title="bbox 148 4097 1411 4189; baseline 0.005 -23"><span class='ocrx_word' id='word_1_212' title='bbox 148 4098 328 4187; x_wconf 87' lang='lat' dir='ltr'><em>superiore</em></span> <span class='ocrx_word' id='word_1_213' title='bbox 362 4098 530 4182; x_wconf 87' lang='lat' dir='ltr'><em>exercitu,</em></span> <span class='ocrx_word' id='word_1_214' title='bbox 564 4099 647 4189; x_wconf 89' lang='lat' dir='ltr'><em>quia</em></span> <span class='ocrx_word' id='word_1_215' title='bbox 676 4097 807 4187; x_wconf 88' lang='lat' dir='ltr'><em>ubique</em></span> <span class='ocrx_word' id='word_1_216' title='bbox 834 4098 1074 4170; x_wconf 87' lang='lat' dir='ltr'><em>Hordeonium</em></span> <span class='ocrx_word' id='word_1_217' title='bbox 1100 4101 1268 4171; x_wconf 82' lang='lat' dir='ltr'><em>Flaccum</em></span> <span class='ocrx_word' id='word_1_218' title='bbox 1407 4159 1411 4171; x_wconf 81' lang='grc'>.</span> 
     </span>
    </p>
   </div>
   <div class='ocr_carea' id='block_1_8' title="bbox 151 4235 1265 4326">
    <p class='ocr_par' dir='ltr' id='par_1_8' title="bbox 151 4235 1265 4326">
     <span class='ocr_line' id='line_1_29' title="bbox 151 4235 1265 4326; baseline 0.004 -20"><span class='ocrx_word' id='word_1_219' title='bbox 151 4235 317 4318; x_wconf 88' lang='lat' dir='ltr'><em>nominat,</em></span> <span class='ocrx_word' id='word_1_220' title='bbox 353 4236 545 4324; x_wconf 88' lang='lat' dir='ltr'><em>superioris</em></span> <span class='ocrx_word' id='word_1_221' title='bbox 576 4235 780 4326; x_wconf 90' lang='lat' dir='ltr'><em>provinciae</em></span> <span class='ocrx_word' id='word_1_222' title='bbox 819 4236 986 4325; x_wconf 84' lang='lat' dir='ltr'><em>legatum.</em></span> <span class='ocrx_word' id='word_1_223' title='bbox 1053 4258 1087 4309; x_wconf 87' lang='lat' dir='ltr'><em>v.</em></span> <span class='ocrx_word' id='word_1_224' title='bbox 1120 4240 1265 4310; x_wconf 76' lang='lat'>10—12</span> 
     </span>
    </p>
   </div>
   <div class='ocr_carea' id='block_1_9' title="bbox 0 0 1514 4796">
    <p class='ocr_par' dir='ltr' id='par_1_9' title="bbox 0 0 1514 4796">
     <span class='ocr_line' id='line_1_30' title="bbox 0 0 1514 4796; baseline 0 0"><span class='ocrx_word' id='word_1_225' title='bbox 0 0 1514 4796; x_wconf 95' lang='lat' dir='ltr'><em> </em></span> 
     </span>
    </p>
   </div>
  </div>
 </body>
</html>
