2982 4794
248 287 319 386 165
1132 285 1173 358 Ο.
1203 286 1263 368 17,
1292 300 1371 358 1-1.

338 489 486 561 ,1151155
512 490 590 562 loco
618 492 739 562 eodem
769 491 871 564 modo
898 490 1135 562 iudicandum.
1181 489 1370 562 Plutarchi

244 626 404 700 narratio
437 647 516 699 cum
549 627 597 698 sit
626 628 780 712 uberior,
808 628 957 702 Tacitus
988 644 1219 699 communem*
1235 626 1370 698 fontem

245 763 465 837 contraxisse
499 759 695 862 vidctnr1).
763 765 849 836 Sed*
867 765 987 846 eodem
1022 765 1099 836 iure
1134 765 1370 882 Plutarchum

246 901 378 992 exigue
395 901 515 978 „Taciti
533 904 645 974 verba
664 902 874 982 distendisse
898 901 1020 978 dicere
1034 921 1232 992 possumus.
1271 902 1371 986 Quae

245 1039 340 1118 enim
374 1039 575 1128 discrepare
611 1039 777 1114 videntur
811 1059 880 1110 non
916 1039 1037 1128 magni
1074 1044 1155 1110 sunt
1187 1041 1369 1110 momenti.

244 1177 352 1249 Velut
376 1176 592 1280 Plutarchus
616 1177 882 1266 religiosissime
902 1176 998 1261 dicit,
1024 1175 1197 1248 Othonem
1217 1177 1372 1248 alterum

242 1314 434 1405 pugionem
452 1313 658 1398 reddidisse,
687 1316 780 1404 quod
797 1333 860 1404 per
878 1335 915 1384 se
934 1314 1170 1405 intellegitur,
1197 1281 1257 1388 uel
1284 1315 1372 1385 alte-

243 1473 323 1523 rum
354 1451 399 1528 εἰς
431 1451 489 1528 τὰς
521 1449 871 1549 &pretereuntes
905 1453 1024 1546 (cupiit
1055 1449 1215 1540 subdidit)
1222 1471 1237 1536 ;
1279 1431 1372 1523 idem

246 1594 367 1680 aperte
394 1589 491 1672 dicit,
526 1609 605 1659 eum
633 1589 746 1662 servis
773 1589 978 1662 convocatis
1004 1589 1174 1678 pecunias
1202 1589 1372 1662 distribu-

245 1727 325 1810 isse,
360 1726 508 1798 Tacitus
540 1725 607 1796 hoc
642 1726 774 1824 omittit
801 1746 913 1815 neque
940 1727 1060 1810 adicit,
1090 1707 1372 1824 1151555555-

246 1864 354 1955 ptumo
386 1863 521 1935 facturn
556 1845 670 1934 esse.¹
711 1862 800 1934 Eius
836 1863 930 1933 modi
951 1851 1091 1946 'autem
1125 1865 1373 1940 additamenta

245 2023 324 2074 curn
351 2007 415 2075 aut
442 2001 631 2073 memoriae
658 2021 777 2082 errore
806 2005 884 2070 crta
911 2007 974 2072 aut
1001 2000 1218 2073 narrationis
1245 2005 1372 2094 ampli-

243 2140 404 2212 ficandae
429 2103 547 2211 studio
566 2137 755 2210 tribuenda
782 2138 863 2222 sint,
882 2143 1049 2228 proptera
1068 2141 1262 2210 communis
1291 2141 1371 2214 fons

242 2299 312 2349 non
337 2239 391 2348 est
418 2278 637 2348 statuendus.
684 2275 847 2347 ueterum
866 2277 1115 2362 adnotandum,
1134 2279 1370 2351 Plutarchum

246 2415 317 2487 alio
338 2414 460 2504 ordine
476 2413 532 2484 uti
550 2433 593 2486 ac
611 2412 785 2486 Tacitum.
828 2412 898 2484 Hic
916 2413 1018 2512 enirn
1046 2420 1081 2485 et
1099 2415 1290 2510 Suetonius
1309 2411 1369 2514 (Ο.

248 2547 313 2650 10)
339 2550 554 2641 pugionibus
586 2551 740 2620 nondum
771 2551 870 2621 adlat
872 2549 902 2620 is
854 2552 1115 2640 tpeouniam
1141 2552 1212 2623 dist
1197 2553 1370 2628 ritbutam

245 2711 322 2762 esse
356 2689 519 2794 tradunt,
554 2688 650 2784 haud
687 2687 791 2757 dubie
825 2693 887 2776 apt
889 2688 955 2758 155.
1018 2689 1122 2770 Oerte
1157 2690 1247 2796 enim
1276 2691 1369 2804 Otho

245 2848 315 2898 non
350 2830 432 2898 ante
466 2821 563 2895 necis
591 2824 825 2912 instrumenta
851 2825 1005 2914 paravit,
1022 2845 1138 2934 quam
1166 2846 1285 2932 omnes
1311 2848 1370 2898 res

243 2955 914 3070 55111155555111555555155555152).
949 2929 1082 3084 Quare
1102 2962 1132 3034 si
1151 2943 1369 3094 communem

247 3095 552 3112 μήνην-

348 3147 372 3213 1)
407 3145 492 3200 Η555
511 3149 557 3198 555
575 3142 725 3198 5511555515
742 3141 906 3224 Nissenii
925 3147 960 3216 (p.
979 3144 1088 3212 511.)

239 3231 245 3249 ⁸
344 3233 372 3299 2)
407 3231 472 3286 Hoc
483 3234 565 3284 recte
577 3229 716 3284 Krauss
734 3217 880 3302 monetp.
895 3229 933 3286 16
964 3229 1047 3285 idem
1066 3195 1196 3286 ostendit
1214 3202 1369 3288 ridiculum

245 3319 446 3393 spectaculum
461 3316 654 3370 Plutarchum
671 3316 821 3387 praebere,
839 3317 918 3388 quod
932 3315 1083 3374 Othonem
1099 3317 1266 3389 pugicnem
1276 3319 1369 3373 muni

243 3407 299 3460 bus
312 3403 481 3476 amplexum
492 3403 635 3474 pecunias
648 3401 834 3458 distribuisse
852 3403 957 3462 tradit
978 3403 1093 3457 Krauss
1111 3403 1230 3502 guidem
1247 3404 1369 3460 finxisse

242 3491 437 3548 Plutarchum
451 3494 546 3560 55555,
566 3488 731 3544 Othonem
722 3505 754 3541 1n
771 3477 850 3544 15555
869 3475 1035 3544 cubantem
1043 3489 1138 3546 servis
1156 3477 1289 3545 intrare
1280 3491 1369 3546 russis

243 3597 297 3650 per
314 3577 460 3632 1111515515
471 3574 612 3645 pecunias
630 3574 662 3628 in
678 3593 783 3642 mensa
800 3576 878 3648 posit
880 3594 913 3646 55
866 3575 1126 3645 tdistribuisse,
1149 3575 1192 3632 ite
1209 3582 1244 3632 ut
1265 3577 1369 3650 pugio·

244 3676 314 3718 nem
327 3661 464 3717 cervicali
477 3659 627 3714 subditum
639 3661 775 3716 manibus
787 3667 910 3732 teneret,
924 3661 1063 3733 quoniam
1077 3662 1157 3716 solus
1170 3663 1260 3734 pugio
1275 3664 1369 3718 cubile

243 3751 352 3804 fuisset
373 3747 569 3804 durissimum.
613 3747 696 3813 Quae
716 3747 872 3818 explicatio
888 3743 1052 3806 55155155
1072 3745 1206 3802 subtilior
1225 3747 1264 3803 sit
1281 3767 1370 3821 quam

244 3825 349 3890 verior.
386 3833 495 3888 Evadit
507 3849 580 3886 sane
593 3833 795 3902 spectaculum
808 3833 889 3900 haud
902 3835 1025 3903 55115111,
1034 3840 1122 3904 atque
1134 3835 1271 3910 Heraeus
1284 3835 1333 3905 (ad
1342 3836 1369 3892 h.

243 3924 268 3992 2,
286 3922 328 3989 49,
350 3923 376 3988 8)
399 3924 480 3974 recte
506 3919 636 3996 adnotat,
661 3931 733 3984 caput
751 3919 917 3988 elegantius
937 3919 1048 3973 dictum
1068 3937 1134 3974 esse
1153 3938 1205 3990 pro
1225 3921 1369 3976 cervicali.

244 4007 348 4062 Potius
372 4005 524 4061 socordiae
547 4005 739 4058 Plutarchum
764 4006 978 4074 accusaverim,
1007 4006 1056 4074 qui
1079 4005 1223 4082 memoria
1245 4011 1369 4075 teneret,

245 4094 393 4150 Othonem
406 4092 532 4146 alterum
544 4090 705 4161 pugionem
718 4091 756 4145 ad
767 4090 883 4146 facinus
895 4091 1069 4161 destinasse,
1082 4092 1208 4164 alterum
1221 4091 1367 4147 reiecisse.

244 4179 322 4234 Illud
340 4178 478 4249 exprimit
495 4176 593 4232 verbis
612 4170 651 4237 εἰς
671 4169 720 4238 τὰς
740 4170 867 4250 ἀγκάλας
888 4172 1050 4254 ἀναλαβών,
1071 4184 1101 4233 55
1118 4165 1283 4247 excusatur,
1302 4179 1370 4248 quia

245 4257 303 4322 hoc
321 4263 488 4336 oppositum
507 4269 553 4320 est
571 4263 814 4320 antecedentibus
831 4256 1060 4320 καὶ-ἀπέδωκε,
