3018 4796
119 318 164 386 G.
195 317 258 397 26,
289 331 399 386 ra-ra
1202 313 1247 382 57

226 519 354 591 Altero
371 517 498 607 capitis
514 518 658 590 dimidio
669 519 893 601 Plutarchus,
905 518 967 589 ubi
982 517 1165 588 seditionis
1178 517 1252 588 exi-

123 663 196 728 tum
215 656 400 737 describit,
427 655 466 725 in
482 655 686 728 universum
705 655 859 728 concinit
877 675 955 726 cum
975 655 1112 740 Tacito,
1140 675 1249 744 quan-

121 813 228 886 quam
261 793 442 864 interdum
476 812 605 882 magna
638 792 802 864 libertate
836 792 960 862 utitur.
1014 789 1145 875 Primis
1173 791 1248 862 eius

120 926 850 1026 νθῑὴίεν.13--15ἐμβαλόνταςδὲείς
883 927 941 1022 τὴν
969 925 1073 1024 ἀγορ’
1051 951 1109 1011 αν,
1138 929 1252 1024 ὥσπερ

124 1068 268 1164 τροπαία
300 1065 506 1157 πνεύματος,
541 1064 712 1162 ἀπήντησε
746 1066 913 1161 φήμηκρ
896 1069 1054 1161 pruneius
1054 1057 1250 1135 ὸνθθωνα

128 1207 186 1274 τοῦ
214 1203 455 1298 στρατεύματος
489 1201 579 1272 nihil
604 1203 708 1292 plane
735 1205 923 1292 respondet
949 1204 1044 1291 apud
1072 1202 1177 1273 Tacit
1161 1208 1247 1273 t.unr

129 1341 198 1412 Sed
219 1340 369 1413 Othonis
395 1360 601 1429 prosperum
628 1339 664 1410 in
684 1342 810 1412 castris
830 1359 1029 1411 successum
1049 1361 1078 1410 o.
1100 1340 1248 1417 bii-*38

129 1480 262 1550 diserte
290 1477 432 1567 exponit
459 1483 494 1546 et
520 1477 650 1547 famam
678 1479 754 1548 eius
780 1478 833 1550 rei
860 1479 961 1551 brevi
987 1477 1153 1548 diffusam
1173 1498 1252 1548 csse

132 1637 164 1687 o.
195 1617 256 1699 39,
289 1619 305 1684 1
334 1637 383 1706 sq.
414 1620 585 1686 memorat
618 1621 682 1684 iem
716 1617 891 1686 interritos
921 1613 993 1686 Piso
1020 1617 1154 1710 frendo
1180 1635 1250 1686 cre-

136 1751 307 1823 brescentis
331 1752 496 1822 reditionis
521 1755 552 1822 ei
588 1750 716 1822 ancilias
741 1758 776 1821 in
803 1750 913 1834 oriem
940 1773 1041 1846 rapere
1067 1755 1248 1822 resonanti-

135 1887 193 1959 bor
224 1911 389 1985 egressum
421 1892 550 1960 iuterim
588 1885 721 1960 Galbam
762 1893 793 1958 ot
826 1889 900 1982 foro
939 1887 1250 1982 adpropinquantem

131 2026 299 2098 adseculas
325 2027 488 2112 irritabi
514 2025 604 2096 nihil
630 2047 652 2096 a
678 2025 871 2096 Plutarcho
891 2025 1085 2114 discrepat;
1111 2027 1250 2123 τροπαία

129 2165 220 2236 nihil
253 2163 352 2235 aliud
384 2167 439 2234 est
472 2184 576 2253 quam
613 2184 701 2244 noces
727 2169 762 2232 io
788 2160 899 2232 tardem
925 2175 1025 2256 usque
1052 2165 1248 2234 resonantes.

132 2302 187 2372 Ne
224 2305 341 2371 cetera
368 2300 508 2390 quidem
535 2299 719 2384 differunt,
748 2300 778 2370 si
804 2301 1037 2376 Plutarchum
1063 2320 1120 2370 res
1147 2300 1252 2374 aliter

137 2457 338 2528 componere
365 2437 569 2508 omittimus.

130 2657 436 2668 -ι--ο--κ

127 2793 207 2865 quod
226 2790 352 2846 Galbam
370 2789 442 2844 forie
460 2789 585 2844 rediisse
603 2807 662 2843 non
681 2787 752 2843 dicit
771 2796 880 2860 aperte.
897 2821 929 2830 -—
949 2790 1057 2845 Contra
1075 2787 1252 2847 Plutarchus

126 2897 191 2934 rem
207 2878 253 2932 ita
272 2875 391 2932 videtur
409 2875 466 2932 sibi
484 2875 643 2945 effinxisse,
656 2884 690 2934 ut
707 2875 802 2932 Galba
819 2894 872 2947 per
890 2895 977 2932 omne
994 2883 1112 2947 tempus
1130 2895 1148 2930 a
1165 2878 1252 2934 turba

131 2964 262 3018 conferta
280 2968 472 3034 premeretur.
510 2961 604 3016 Galba
622 2956 804 3016 sacrifioat'
793 2977 822 3018 εν
840 2953 974 3040 Παλατίῳ
996 2965 1030 3031 (o.
1048 2965 1160 3034 24,10);
1178 2981 1252 3019 nun-

131 3049 192 3104 tius
210 3050 243 3104 de
267 3048 394 3104 Othonis
418 3047 563 3102 seditione
586 3045 707 3101 advenit
727 3045 768 3111 εἰς
789 3043 821 3102 τὸ
840 3039 981 3103 Παλάτιον
998 3051 1031 3116 (c.
1043 3050 1086 3118 25,
1098 3051 1142 3116 20)
1161 3049 1252 3105 sacris

132 3135 262 3188 nondum
279 3132 386 3202 finitis
405 3133 511 3188 deinde
530 3132 719 3189 multitudine
737 3133 867 3204 undique
886 3139 1081 3210 concurrente
1099 3135 1204 3188 Vinius
1224 3141 1253 3189 et

130 3221 209 3274 Laco
235 3225 265 3274 et
288 3219 424 3274 nonnulli
442 3236 458 3272 e
476 3218 589 3273 libertis
612 3219 723 3273 strictis
745 3218 852 3290 gladiis
870 3201 987 3289 plebem
1006 3216 1107 3274 aroer'e
1126 3220 1253 3274 student.

133 3305 256 3361 Galbam
270 3304 361 3376 igitur
374 3305 539 3358 etiamtum
557 3305 588 3357 in
605 3305 704 3358 media
722 3305 809 3360 turba
826 3303 919 3358 fuisse
930 3304 1101 3380 vputandum
1115 3310 1167 3358 eet.
1196 3305 1254 3359 Sed

133 3397 163 3446 et
189 3408 226 3445 ex
252 3390 303 3458 iis,
332 3407 407 3462 quae
431 3395 606 3461 sequuntur,
629 3390 792 3462 prinoipem
816 3390 875 3444 iam
899 3389 978 3445 domi
1000 3385 1093 3444 firisse
1109 3388 1253 3458 afficitur,

131 3495 227 3548 neque
251 3476 331 3547 quod
354 3481 455 3532 narrat
478 3475 616 3532 credibile
636 3482 688 3530 est.
725 3477 881 3546 Nunquam
901 3475 980 3530 enim
998 3474 1131 3529 accidere
1149 3476 1252 3546 potuit,

131 3570 165 3618 ut
183 3563 241 3618 duo
259 3562 404 3634 praefecti
426 3562 567 3634 praetorii
585 3563 622 3617 ad
640 3562 849 3634 imperatorem
867 3579 885 3616 a
902 3560 1090 3616 multitudine
1109 3561 1253 3615 tuendum

128 3649 248 3720 gladios
267 3648 456 3719 stringerent,
470 3665 537 3703 oum
556 3647 714 3703 stationem
732 3649 764 3703 in
775 3648 890 3702 Palatio
903 3647 1022 3718 integra
1035 3653 1138 3720 ageret
1150 3647 1254 3703 oohors

126 3733 288 3806 praetoria.
325 3735 419 3800 Quam
441 3734 477 3790 ob
498 3752 561 3789 rem
578 3734 635 3790 hoo
654 3751 671 3788 a
688 3733 847 3788 Plutarcho
866 3734 968 3788 fictum
986 3739 1039 3788 eet.
1076 3733 1167 3787 Paulo
1186 3739 1255 3804 post

128 3821 228 3876 Galba
247 3820 324 3874 domi
341 3819 458 3874 videtur
476 3820 577 3890 fuisse,
590 3820 718 3892 legimus
738 3819 816 3874 enim
835 3819 869 3875 G.
887 3821 929 3889 25,
941 3821 983 3889 26,
1000 3819 1140 3873 Pisonem
1158 3815 1255 3896 προελ-

128 3899 218 3962 θόντα
243 3903 354 3960 milites
373 3905 541 3960 adlocutum
560 3923 634 3975 5555,
654 3911 684 3960 et
702 3905 735 3960 G.
753 3906 795 3974 26,
814 3906 829 3960 1
847 3905 926 3962 idem
939 3904 1106 3960 invenimus
1123 3904 1254 3963 verbum.

129 3991 325 4046 Plutarchum
349 3991 440 4062 igitur
463 3991 572 4046 claram
594 3991 639 4045 rei
656 3991 816 4088 imaginem
844 3991 900 4044 sibi
922 4009 981 4045 non
1004 3991 1127 4046 finxisse
1150 4009 1256 4062 eogno-

132 4077 251 4132 scimus.
278 4076 379 4132 Facile
398 4083 498 4136 autem
514 4076 762 4148 hoofieripotuit,
782 4076 923 4132 siTaoito
941 4076 1027 4132 fonte
1042 4089 1115 4131 usus
1135 4082 1188 4146 est,
1206 4077 1257 4147 qui

136 4163 194 4216 ot
185 4179 252 4235 ipse
275 4179 336 4218 non
355 4179 401 4232 ea,
425 4180 513 4234 quam
531 4181 586 4218 nos
605 4162 723 4234 quidem
741 4163 967 4238 requirimus.p
948 4163 1160 4260 perspicuitate
1179 4119 1257 4217 inane

134 4265 194 4302 rem
214 4249 402 4321 expresserit.
