3018 4796
151 341 196 412 G.
226 339 283 424 22,
309 353 417 412 es-le.
465 337 524 423 23,
551 355 627 410 1—2.
1146 326 1148 338 ’
1221 339 1266 410 37

249 541 384 616 Ultima
412 541 543 634 capitis
570 545 680 615 verba
700 541 803 632 plane
822 541 1011 616 concinunt
1028 564 1108 615 cum
1127 544 1267 617 Tacito:

148 723 181 774 ν.
212 700 359 771 39-42
395 694 499 773 εὐθὺς
525 695 560 766 δὲ
585 695 637 764 καὶ
662 695 699 766 τὸ
727 697 809 788 μετὰ
862 718 891 769 c.
914 657 972 780 57,
994 701 1014 769 5
1040 719 1089 788 sq.
1118 705 1267 807 superior

146 832 299 906 Φλάκκου
346 832 531 930 στράτευμα
574 831 648 910 τοὺς
690 830 810 910 καλοὺς
862 837 1021 906 caerulus
1039 841 1191 928 speciosis
1217 858 1268 904 se-

146 973 292 1049 ἐκείνοος
318 971 371 1041 καὶ
397 968 648 1067 δημοκρατικοὺς
669 969 714 1046 εἰς
731 969 809 1065 σύγ·
863 973 959 1042 troius
992 972 1169 1066 populique
1201 971 1267 1043 Bc·

148 1109 269 1204 κλητον
289 1110 399 1204 ὅρκους
416 1106 552 1202 ἀφέντες
571 1106 704 1199 ὤμοσαν
732 1099 809 1177 Οὐι-
863 1114 953 1178 αιαιιὶ
970 1107 1153 1180 oraminibus
1171 1109 1267 1181 reiic-

149 1243 266 1340 τελλίῳ
293 1251 341 1340 τῷ
357 1242 568 1340 αὐτοκράτορι
600 1242 809 1338 ποιήσαιντο
863 1248 904 1314 lis
931 1247 1061 1315 tertium
1089 1269 1162 1318 τιαιι.
1180 1235 1269 1318 Ιάαιι.

144 1382 438 1477 προστασσόμενον.
870 1378 991 1451 Vitellio
1017 1385 1159 1454 accersit.

248 1569 465 1642 Plutarchus
504 1570 720 1660 superiorem
760 1569 954 1640 exercitum
993 1576 1089 1659 recte
1128 1571 1266 1664 nomine.

148 1707 250 1778 ducis
283 1706 475 1796 significae
507 1707 621 1796 ipsam
654 1727 729 1778 rem
761 1705 922 1796 plurimis
956 1708 1074 1781 verbis
1102 1707 1267 1798 exprimit

148 1863 259 1934 neque
286 1848 403 1914 tamen
429 1864 496 1934 quo
524 1843 580 1914 die
607 1843 778 1914 acciderit
802 1844 955 1914 denotat.
1002 1845 1137 1920 Eadem
1156 1845 1267 1934 igitur

145 1981 321 2052 scribendi
347 1980 452 2057 ratio.
480 1980 582 2052 cuius
609 1980 769 2069 exempla
795 1980 866 2050 iam
893 1981 1179 2066 observavimus,
1206 1982 1265 2054 hic

142 2137 280 2210 quoque
307 2107 476 2190 cernitur.
530 2116 745 2188 Plutarchus
772 2116 902 2188 multas
925 2135 986 2220 'res
1012 2118 1116 2207 plane
1135 2118 1266 2190 omittit

143 2256 206 2326 sed
233 2275 305 2340 eas,
333 2275 419 2344 quas
446 2254 586 2336 retinet,
605 2273 735 2342 magna
762 2274 840 2324 cum
868 2254 1084 2346 loquacitate
1110 2257 1263 2345 exponit.

149 2393 248 2476 Quae
274 2391 365 2465 ratio
390 2411 452 2481 per
477 2357 663 2482 utramque
690 2391 802 2464 vitam
829 2392 936 2466 valet.

251 2581 335 2670 Gap.
354 2579 483 2652 XXIII
500 2575 601 2651 redit
619 2579 771 2668 scriptor
797 2581 842 2651 ad
868 2599 925 2651 res
952 2581 990 2652 in
1015 2581 1103 2652 urbe
1130 2587 1261 2671 gestas.

141 2717 274 2789 Primis
301 2717 420 2791 vertis
446 2739 481 2790 v.
509 2717 605 2787 1-2
633 2715 736 2793 οὕτως
763 2714 821 2808 μὲν
846 2709 1265 2814 ἀνηγορεύθη-Οὐιτέλλιος

140 2854 351 2952 αὐτοκράτωρ
385 2851 419 2922 ἐν
442 2849 621 2950 ῑΓερμανίᾳ
665 2855 755 2943 quod
792 2856 895 2924 modo
935 2856 1097 2930 narravit
1136 2855 1264 2928 iterum

143 3159 260 3210 sermnem
282 3159 434 3224 principatur
461 3159 531 3208 inerti
557 3157 612 3208 ἱιιαιι
639 3176 668 3208 uc
692 3157 802 3224 prodipic
829 3159 905 3223 epulis
926 3161 1099 3223 praesumebat,
1125 3159 1198 3210 medic
1216 3161 1265 3212 diet

144 3243 277 3294 temulentia
295 3254 316 3294 et
333 3244 422 3310 supina
437 3244 522 3310 pravis
541 3247 572 3297 et
593 3259 620 3297 v.
640 3243 673 3297 10
691 3259 732 3314 sq.
752 3245 860 3294 instructi
880 3245 1007 3317 intentique
1025 3244 1155 3312 (milites)
1173 3247 1263 3314 cipetum

141 3329 292 3394 profectionis
316 3340 444 3394 euposumt
466 3331 553 3379 nom-ine
573 3328 710 3380 Germanici
734 3330 827 3380 Vitellio
851 3332 931 3380 stetim
954 3331 1035 3382 addito
1058 3343 1099 3381 etc.
1123 3331 1262 3387 Fortasse

143 3411 326 3482 Plutarchus,
355 3413 406 3484 qui
429 3431 452 3468 σ.
473 3415 507 3468 57
530 3413 605 3470 nihil
628 3414 753 3485 amplius
776 3413 813 3468 de
830 3413 950 3469 Vitellio
973 3415 1128 3486 inveniret,
1155 3417 1262 3472 ceteris

141 3498 360 3570 praetermissis
378 3499 475 3556 statim
495 3500 533 3554 ad
550 3517 573 3555 ο.
597 3501 631 3557 62
656 3499 775 3554 transiit
803 3505 832 3555 et
855 3501 1019 3556 exornandi
1041 3502 1137 3556 studio
1156 3502 1262 3578 ductus

140 3601 218 3654 quae
238 3584 357 3640 Tacitus
381 3586 416 3640 de
438 3577 546 3640 inertia
566 3591 595 3642 et
618 3587 735 3640 luxuria
752 3584 865 3642 Vitellii
881 3591 984 3641 narrat
1006 3588 1044 3643 ad
1060 3605 1124 3642 rem
1141 3605 1262 3658 prorsus

138 3669 231 3726 aliam
253 3671 377 3732 rettulit
421 3671 545 3743 Singula
573 3671 652 3728 enim
679 3671 736 3728 sibi
752 3671 946 3742 respondent:
978 3676 1111 3726 carnotenae
1135 3678 1166 3728 et
1187 3666 1262 3730 οἴνου

135 3751 295 3828 διάπλεων,
322 3758 397 3808 raedh
421 3759 638 3824 diuisaque
663 3761 747 3825 pravis
775 3765 805 3813 et
833 3751 972 3825 διάπλεων
993 3757 1169 3834 ...τροφῆς
1196 3751 1262 3816 ὄντα

133 3835 341 3920 μεσημβρινῆς.
377 3844 460 3910 Quae
480 3844 657 3907 coniectura,
676 3845 810 3916 quamvis
829 3845 868 3900 sit
884 3843 1008 3914 ineerta,
1026 3849 1170 3900 tamense
1184 3862 1262 3900 com-

133 3927 305 3998 mendatur,
324 3929 403 4002 quod
421 3929 541 3986 Tacitus
560 3929 591 3984 in
609 3931 713 3986 eodem
730 3949 811 3986 nexu
823 3932 859 3986 de
877 3931 1050 4000 titulisagit
1068 3936 1156 4002 atque
1174 3932 1262 4004 plane

136 4012 215 4068 idem
233 4013 328 4068 refert
346 4014 424 4086 quod
436 4015 621 4070 Plutarchus,
640 4047 670 4054 -
690 4017 796 4088 ltaque
808 4015 946 4071 Nissenio
963 4016 1125 4072 concedere
1138 4035 1262 4089 nequeo,

138 4098 283 4170 Tacitum,
307 4098 359 4170 qui
381 4117 429 4154 res
451 4106 545 4157 tetras
568 4101 686 4158 silentio
704 4101 866 4174 praeterire
886 4102 988 4172 soleat,
1007 4102 1146 4158 hocloco
1164 4103 1201 4159 de
1219 4104 1262 4159 in·

142 4181 251 4240 dustria
275 4184 421 4255 omisisse,
450 4186 563 4242 ebrium
586 4185 857 4258 firisse‘Vitellium
882 4205 948 4244 cum
970 4188 1130 4262 imperator
1152 4189 1261 4245 saluta-

142 4275 219 4325 retur
238 4269 361 4342 (Nissan
377 4289 405 4342 p.
424 4273 493 4340 512).
1150 4269 1154 4274 ⁵
