3018 4796
252 299 298 369 26

249 501 418 596 adoptione
461 528 565 578 socom
601 511 633 578 ct
663 532 734 580 com
768 517 931 602 pronioris
970 517 1139 610 agitantis.
1187 536 1250 585 riou
1288 539 1367 586 sono

249 639 392 711 crebrior
435 646 500 714 toto
543 649 670 714 rr'oitoto
713 667 817 718 scroto
851 670 913 740 por
953 650 1026 718 illos
1070 673 1192 722 nicoisas
1234 656 1365 748 tttcrot;

248 777 472 867 adoptionem
511 781 658 850 dilatam
692 802 766 854 esse
806 805 849 854 ex
877 786 1001 857 Tacito
1037 809 1173 877 quoque
1207 796 1364 878 apparet,

247 933 326 984 cnm
365 917 487 1004 primis
528 919 664 989 demum
704 920 870 993 ianuarii
909 922 1034 1016 diebus
1075 930 1206 996 certum
1249 927 1364 998 Galba

247 1057 388 1139 caperet
415 1035 609 1124 ¹consilium.
655 1055 725 1126 Sed
742 1059 833 1146 quud
853 1059 1003 1131 Galbam
1023 1061 1162 1146 sibntio
1191 1069 1226 1133 et
1252 1083 1363 1153 aequo

246 1189 363 1260 animo
390 1190 569 1262 audivisse
595 1193 739 1263 Vinium
765 1195 875 1266 refert
900 1197 1125 1282 Plutarchus,
1158 1201 1226 1270 hoc
1253 1220 1364 1290 neque

246 1325 393 1396 Tacitus
428 1336 687 1415 commemorat,
722 1352 834 1421 neque
867 1334 960 1404 ullus
997 1341 1121 1406 auctor
1161 1337 1363 1426 excogitare

244 1464 369 1552 potuit.
425 1465 502 1550 Qua
529 1487 568 1537 re
600 1469 689 1537 haec
715 1469 892 1557 particula
929 1471 993 1541 alii
1026 1472 1116 1543 fonti
1150 1474 1363 1545 vindicanda

245 1606 309 1670 est.
355 1601 524 1673 Ultimum
549 1604 655 1675 huius
674 1605 801 1694 capitis
820 1609 1039 1679 enuntiatum
1066 1610 1244 1681 invenitur
1271 1611 1364 1700 apud

245 1736 408 1808 Tacitum
436 1760 465 1810 c.
498 1743 554 1823 13,
584 1742 629 1810 21
655 1739 838 1830 soocrrtitnr
861 1711 1030 1836 plerosquo
1052 1746 1200 1816 ortto'tnrr.

346 1875 512 1946 Fortasse
556 1877 644 1948 hacc
686 1877 757 1947 tria
802 1879 921 1966 capita
968 1880 1183 1950 Plutarohea
1223 1883 1361 1954 omnino

244 2032 314 2081 non
339 2015 491 2100 pendent
518 2035 540 2084 a
568 2014 694 2086 Tacito
729 2017 790 2086 sed
824 2015 990 2087 universa
1026 2037 1069 2086 ex
1105 2022 1249 2087 auctore
1282 2025 1361 2088 orta

243 2155 334 2231 sunt,
365 2170 466 2240 quem
493 2150 523 2219 is
551 2169 687 2242 quoque
712 2149 853 2223 secutus
880 2156 943 2222 est.
989 2154 1130 2236 Verum,
1150 2172 1228 2223 cum
1255 2153 1360 2222 inter-

243 2286 325 2355 dum
361 2305 549 2356 consensus
584 2295 759 2371 cernatur,
793 2289 917 2376 negari
951 2309 1019 2359 uon
1050 2295 1176 2378 potest,
1212 2290 1360 2360 Plutar-

243 2421 346 2492 chum
374 2421 568 2512 inspexisse
603 2423 716 2513 ipsum
745 2425 908 2495 Tacitum
944 2432 980 2497 et
1014 2426 1252 2497 narrationem
1287 2426 1361 2496 eius

243 2559 466 2630 coniunxisse
495 2581 573 2632 cum
600 2561 673 2634 alio
700 2561 808 2632 fonte.
851 2563 918 2648 Qui
946 2563 1054 2634 fuerit
1080 2563 1139 2634 hic
1158 2562 1236 2634 fons
1263 2563 1361 2652 igno·

242 2716 371 2779 ramus
406 2699 464 2768 sed
500 2699 642 2770 videtur
668 2699 758 2769 idem
790 2699 900 2772 fuisse
932 2707 1038 2790 atque
1073 2700 1201 2770 Taciti.
1254 2700 1361 2770 Prae-

243 2840 341 2905 terea
376 2842 534 2924 apparet,
580 2835 811 2907 Plutarchum
850 2837 901 2907 ibi
939 2857 1086 2927 quoque,
1125 2838 1187 2909 ubi
1235 2837 1362 2908 Tacito

242 2973 296 3041 uti
314 2979 432 3060 posset
450 2980 485 3042 et
503 2992 587 3044 usus
607 2993 682 3044 esse
700 2975 875 3057 rideatur,
903 2995 972 3044 non
991 2976 1036 3044 ad
1056 2976 1201 3046 verbum
1221 2993 1359 3063 expres-

244 3109 331 3179 sisse
357 3108 500 3193 iontem
529 3112 589 3180 sed
615 3111 769 3200 perlecto
797 3131 837 3181 eo
858 3112 1011 3181 scribere
1038 3112 1207 3199 coepisse:
1236 3111 1361 3200 quain

244 3266 282 3317 re
320 3267 457 3318 errores
490 3267 560 3318 non
594 3249 735 3321 vitavit.
796 3249 874 3318 Hoc
907 3250 1048 3338 saepius
1083 3249 1359 3321 observabimus.

243 3384 300 3454 Ex
327 3385 369 3455 G.
403 3384 458 3466 19,
489 3385 622 3467 6-20‚
654 3389 697 3457 18
722 3405 806 3455 vero
835 3405 902 3474 quo
927 3387 1029 3457 modo
1048 3385 1194 3458 Tacitus
1222 3385 1360 3455 uberio-

242 3541 315 3591 rem
342 3520 472 3591 fontem
501 3521 761 3592 circumciderit
779 3523 1018 3610 cognovimus.
1065 3523 1167 3604 Nam,
1196 3521 1300 3592 etiam
1329 3520 1360 3591 si

241 3677 366 3747 pauca,
404 3676 494 3747 quae
537 3658 646 3728 nimia
682 3659 897 3748 loquacitate
940 3658 1138 3749 offendunt,
1174 3658 1360 3730 Plutarchi

242 3793 383 3882 ingenio
411 3794 642 3865 adscribenda
670 3801 760 3878 sunt,
789 3801 906 3867 tamen
948 3837 987 3847 -
1029 3795 1064 3864 id
1100 3798 1192 3885 quod
1220 3815 1263 3864 ex
1290 3795 1358 3866 Ta·
1417 3797 1419 3805 ’

244 3931 314 4001 cito
347 3931 589 4020 cognoscimus
621 3973 671 3982 -
701 3939 881 4002 auctorem
908 3933 944 4002 in
963 3931 1167 4005 universum
1195 3937 1360 4003 accurate

244 4067 441 4157 exscripsit.
495 4069 537 4139 Id
564 4073 681 4139 autem
709 4070 852 4140 dubium
879 4073 942 4151 est,
970 4075 1087 4140 utrum
1115 4069 1241 4151 omnia,
1269 4089 1360 4158 quae

244 4207 286 4276 de
313 4203 450 4276 Othone
483 4205 590 4294 digna
622 4212 723 4276 erant
755 4212 959 4290 memoratu,
998 4207 1034 4276 in
1068 4206 1164 4277 sonte
1197 4206 1263 4276 hoc
1290 4225 1359 4278 uno
