3018 4796
137 313 182 384 G.
213 310 272 396 23,
299 328 409 384 10-16.
1212 307 1257 380 39

137 521 259 587 arcessi
281 511 390 586 iulet.
410 567 418 584 .
438 567 473 584 ..
505 509 581 582 Piso
605 507 648 582 M.
681 509 795 580 Crasso
821 513 853 582 et
879 507 1045 582 Scribonio
1068 513 1204 606 genitor
1220 505 1256 609 ¹),

136 651 252 722 nobilis
288 655 468 745 utrimque,
505 648 594 720 uultu
626 644 801 741 habituque
816 641 849 744 ²)
882 652 982 718 rororis
1015 649 1168 741 antiqui.
1191 702 1199 719 .
1220 702 1259 719 ..

135 811 165 862 c.
201 790 260 873 17,
297 788 409 860 5-7
445 785 655 857 consultatum
682 783 766 874 trodo,
797 805 861 877 pro
895 785 1010 854 rostu's
1029 838 1036 855 .
1058 837 1066 854 .
1088 837 1126 854 ..
1155 807 1198 854 ou
1226 790 1259 854 iu

138 930 260 998 rostris
287 925 417 1018 adoptio
441 925 692 1014 nuncuparetur.
720 926 766 989 iri
790 926 824 992 ιἰι
850 923 958 992 rostro
979 919 1115 1013 ptorurl.

135 1085 173 1136 v.
193 1063 340 1132 10-16
355 1061 451 1130 καίτοι
469 1056 609 1152 μεγάλαι
623 1054 682 1149 μὲν
701 1053 800 1134 εὐθὺς
824 1117 826 1122 .
850 1095 884 1146 ν,
905 1073 966 1157 18,
991 1076 1008 1143 1
1030 1095 1080 1164 sq,
1106 1076 1257 1168 quartum

140 1195 249 1276 ἐξιόντι
300 1193 462 1290 διοσημίαι
518 1191 798 1291 παρηκολούθουν,
850 1191 924 1263 r'drrs
958 1191 1153 1283 Jorrororo'oo,
1187 1195 1257 1288 soc·

137 1332 317 1430 ἀρξαμένου
346 1329 449 1401 δὲτὰ
476 1329 536 1424 μὲν
563 1329 667 1423 λέγειν
690 1329 725 1400 ἐν
740 1337 799 1426 ,τῷ
850 1311 925 1382 dum
965 1311 1122 1384 illlhriblos
1161 1313 1254 1404 dioro,

851 1436 994 1504 tonitruo
1020 1435 1052 1503 ot
1070 1434 1210 1530 fulgura
1228 1437 1260 1504 ot

850 1553 1001 1624 coelectos
1032 1560 1138 1624 ou'uoo
1168 1553 1258 1622 ultro

850 1672 979 1743 solitum
1037 1671 1255 1744 turbauerunt.

850 1788 1050 1862 otsorootoor
1094 1792 1131 1862 id
1171 1796 1259 1862 ooli·

850 1914 959 2004 puitos
997 1915 1135 1982 comitur
1173 1911 1256 1982 diri-

133 2019 180 2092 ὡς
204 2014 390 2111 κατάδηλον
417 2015 497 2084 εἶναι
522 2013 569 2110 μὴ
588 2013 797 2109 προσιέμενον
849 2030 972 2100 mendis
1023 2053 1086 2101 ηομ
1140 2032 1258 2101 terruit

130 2150 217 2249 μηδὲ
250 2153 404 2224 ἐπαινοῦν
440 2152 476 2222 τὸ
513 2150 675 2244 δαιμόνιον
712 2174 796 2244 pro·
853 2147 998 2241 Gothum,
1019 2171 1080 2244 quo
1094 2155 1201 2220 miuus
1219 2155 1254 2219 iro

133 2290 235 2385 μένην
255 2289 312 2358 οὐκ
330 2288 381 2358 ἐπ’
399 2287 517 2385 ἀγαθῷ
536 2287 596 2383 τὴν
611 2287 796 2381 εἰσποίησιν.
849 2271 958 2340 wilm
979 2273 1156 2366 tergeret·
1176 2325 1208 2341 ··
1258 2301 1261 2308 '

240 2427 452 2499 Plutarchus
479 2447 522 2497 ne
549 2446 656 2497 unam
682 2425 823 2516 quidem
849 2444 923 2495 rem
948 2424 1093 2513 profert,
1122 2445 1211 2515 quae
1233 2445 1256 2496 a

137 2563 264 2635 Tacito
291 2563 540 2653 praetermissa
566 2563 628 2646 sit,
661 2563 723 2634 sed
750 2561 868 2632 omnia
893 2561 999 2633 valde
1025 2561 1193 2632 distrahit
1220 2568 1255 2634 et

130 2701 170 2771 in
189 2701 402 2772 caelestibus
420 2701 525 2772 minis
542 2701 706 2771 tenebras
726 2718 862 2790 quoque
881 2703 1138 2770 commemorat.
1185 2699 1255 2770 De·

130 2838 238 2930 nique
257 2837 411 2910 Galbam
439 2837 633 2909 orationem
660 2835 792 2926 partim
817 2835 1103 2924 pronuntiantem
1126 2837 1256 2926 partim

132 2976 306 3065 legentem
340 2974 429 3045 iacit
445 2968 486 3076 ³).
547 2975 641 3058 Hoc,
675 2973 840 3065 quoniam
876 2972 1043 3045 abhorret
1075 2993 1098 3043 a
1129 2973 1255 3045 Tacito

137 1466 362 1566 στρατοπέδῳ,
401 1466 443 1537 τὰ
483 1465 520 1536 δὲ
555 1466 797 1561 ἀναγινώσκειν,

133 1605 327 1680 τοσαυτάκις
336 1600 511 1702 ἐβρόντησε
520 1605 573 1673 καὶ
581 1603 798 1700 κατήστραψε,

136 1742 190 1812 καὶ
206 1744 357 1818 τοσοῦτος
372 1737 492 1838 ὄμβρος
506 1741 559 1810 καὶ
573 1737 674 1836 ζόφος
688 1737 798 1834 ἐξεχύ-

137 1877 184 1974 θη
200 1879 246 1954 εἰς
259 1879 293 1948 τὸ
314 1877 532 1976 στρατόπεδον
553 1876 606 1947 καὶ
623 1877 681 1972 τὴν
694 1876 797 1963 πόλιν,

132 3191 310 3246 Plutarchus
334 3191 418 3246 --id
444 3190 523 3263 quod
549 3208 567 3245 u
587 3190 690 3246 Tacito
709 3189 851 3245 omissum
868 3194 921 3258 set,
949 3188 1003 3243 sed
1030 3205 1066 3243 ex
1092 3190 1253 3245 sententie·

131 3295 288 3333 rumnexu
309 3281 340 3334 et
360 3294 397 3332 ex
418 3294 441 3333 c.
464 3277 504 3346 14,
528 3277 560 3331 10
579 3277 667 3330 collide
687 3288 713 3328 ar
733 3279 834 3343 ipsorum
847 3277 952 3342 fovebat
970 3279 1135 3346 apparet-
1153 3275 1250 3332 dicere

133 3363 205 3433 vult,
224 3363 348 3419 Galbam
365 3362 523 3418 consilium
542 3367 630 3418 antea
649 3378 716 3416 cum
734 3361 853 3416 nemius
871 3361 1112 3416 communicasse.

237 3449 262 3514 1)
296 3449 429 3516 Quorum
446 3448 482 3503 de
499 3453 595 3503 morto
611 3447 686 3502 nihil
703 3445 1048 3502 inveniturinhistoriis.
1077 3437 1252 3502 Plutarchus

130 3533 163 3588 id
191 3549 229 3588 ex
254 3533 310 3590 alio
331 3521 413 3590 fonte
434 3532 585 3605 cognitum
610 3532 746 3602 habebat,
774 3549 840 3588 cum
866 3533 993 3588 Neronis
1020 3547 1135 3605 quoque
1160 3532 1253 3587 vitam

133 3619 368 3690 conscripsisset,
386 3619 524 3676 videlicet
543 3625 612 3674 ante
629 3619 707 3674 hanc
724 3619 823 3674 vitam

236 3714 263 3782 2)
287 3714 344 3768 His
356 3713 464 3770 mirum
477 3718 621 3785 quantum
632 3713 793 3786 respondet
801 3711 954 3768 Plutarchi
962 3703 1156 3795 ἐμφανέστατα
1168 3701 1254 3788 ἔχων.

125 3802 175 3858 Ex
198 3802 420 3867 summatimque
441 3800 568 3856 fortusse
587 3816 685 3856 errore
704 3805 799 3855 ortum
818 3804 864 3854 est
884 3798 958 3853 illud
972 3792 1001 3854 ἐν
1022 3814 1057 3873 τῃ
1073 3790 1141 3872 πρὸς
1162 3794 1255 3853 πᾶσαν

126 3881 233 3964 ἀρετὴν
255 3879 367 3962 εὐφυΐα.

231 3979 261 4047 3)
297 3979 382 4035 Haec
403 3977 496 4035 verba
518 4009 549 4020 -
572 3985 606 4034 ut
628 3979 794 4034 Mommsen
815 3996 843 4051 p.
864 3977 917 4032 306
939 3977 1005 4032 adn.
1026 3975 1044 4030 4
1070 3973 1198 4031 coniecit
1225 3982 1255 4030 et
1332 4015 1335 4020 -

131 4066 234 4138 Lange
251 4084 280 4138 p.
294 4067 329 4122 62
347 4071 435 4138 atque
448 4065 603 4137 Sickinger
620 4066 637 4122 l
655 4066 674 4120 l.
692 4084 719 4136 p.
737 4066 772 4120 84
788 4069 927 4138 repetunt
943 4094 976 4104 -
995 4078 1093 4118 errore
1111 4067 1141 4118 st
1152 4062 1253 4134 negle-

134 4151 232 4220 gentia
256 4170 295 4208 ex
313 4153 382 4208 Tac.
401 4170 424 4207 c.
443 4153 484 4222 18,
501 4154 519 4208 8
537 4173 582 4219 quo
601 4156 641 4205 cir
658 4155 733 4204 airum
754 4153 851 4218 teperet,
871 4152 1011 4216 pronuntiat
1025 4153 1091 4204 orta
1109 4165 1175 4203 esse
1193 4164 1253 4202 non

136 4237 316 4298 crediderim.
352 4237 432 4298 Sane
448 4239 615 4296 Mommsen
632 4243 712 4297 recte
731 4236 802 4294 dicit
819 4236 850 4292 iu
869 4234 1027 4312 adoptione
1044 4233 1119 4296 nihil
1136 4232 1254 4298 recitari
