3018 4796
244 283 292 352 40
1092 280 1134 350 G.
1165 282 1222 362 23,
1254 297 1364 354 16-20.

245 507 275 558 ο.
296 487 354 569 18,
376 485 396 559 6
417 489 627 581 imperatorin
653 481 806 554 breuitate
834 484 985 577 adepturi
1010 507 1030 554 ο
1057 505 1090 554 se
1117 463 1263 555 Pe'sdrreor
1280 540 1287 556 .
1304 539 1312 556 .
1330 539 1363 557 ..

239 624 443 716 praenuntiet,
462 621 648 693 Plutarchi
676 621 791 692 studio
811 622 1028 692 narrationis
1056 624 1278 693 exornandae
1306 625 1365 694 ad-

246 759 466 848 scripserim,
512 759 571 849 qui
620 759 758 830 omnino
798 758 865 828 hoc
904 758 982 828 loco
1016 778 1186 829 summam
1224 760 1367 830 exhibet

248 897 510 988 loquacitatem.
592 943 593 948 ,

781 1053 810 1102 ο.
840 1032 899 1114 18,
930 1035 990 1118 13,
1004 1052 1054 1121 sq.
1071 1035 1267 1124 perveteres
1286 1037 1366 1122 (mi-

781 1151 871 1240 lites)
886 1154 1046 1220 moestitia
1060 1172 1098 1220 οο
1111 1151 1284 1241 aientium,
1293 1155 1367 1221 iner-

782 1293 878 1366 qreum
905 1273 1094 1364 aseerpetnrre
1122 1273 1217 1341 etium
1237 1277 1271 1340 ιἰι
1283 1294 1368 1364 pace

247 1358 300 1427 καὶ
333 1355 513 1454 σκυθρωπὰ
546 1353 632 1451 μηδὲ
657 1356 730 1491 ἷόῖε
782 1391 927 1460 docelini
951 1393 1168 1462 neccessitatem
1186 1389 1267 1462 bello
1289 1413 1367 1484 per-

248 1493 376 1590 suaa
415 1493 523 1568 αὐτοῖς
567 1490 731 1586 δοθείσης·
782 1511 939 1583 reuersae
965 1531 994 1580 e.
1016 1513 1073 1594 rr,
1102 1513 1118 1581 1
1143 1531 1193 1601 sq.
1224 1509 1368 1582 reatae
1423 1573 1431 1583 .

245 1635 301 1700 τοῦ
338 1629 374 1699 δὲ
401 1627 565 1706 Πείσωνος
596 1631 624 1699 οἱ
650 1652 730 1725 παρ·
779 1633 891 1722 lirare!
907 1633 1014 1700 steline
1034 1630 1230 1700 intuentibus
1245 1635 1275 1700 ei
1292 1651 1370 1701 moer

246 1768 336 1842 ὄντες
377 1765 569 1860 ἐθαύμασαν
614 1771 657 1860 τῇ
695 1787 730 1833 τε
783 1753 930 1820 corrieclis
958 1755 991 1818 ire
1009 1771 1079 1820 erem
1098 1754 1237 1820 citeriora
1265 1751 1369 1820 berzelis

783 1868 907 1939 ικιίίιιια
936 1867 1060 1938 barbati
1084 1873 1142 1939 nat
1157 1869 1369 1964 γοοοιαίίοιιίιὶν

782 1994 887 2059 ereimi
903 1993 1020 2059 erolum
1043 1987 1235 2082 prodidisse.
1264 2010 1367 2086 sermo

782 2164 790 2180 .
821 2163 827 2178 .
857 2130 1031 2180 ‚reserens
1046 2163 1067 2182 ι.
1094 2168 1101 2184 .
1133 2164 1140 2179 .
1167 2109 1363 2190 moderatos·

781 2228 868 2300 aiiii
892 2235 926 2299 io
947 2229 1041 2300 'buliu
1065 2226 1240 2322 habituque
1261 2229 1362 2298 neretu-

781 2351 857 2419 irem.

246 1069 455 1159 v.16-'-20
481 1049 522 1177 ἦν
550 1079 587 1151 δὲ
613 1082 664 1152 καὶ
689 1081 730 1151 τὰ

244 1229 311 1292 τῶν
351 1227 556 1318 στρατιωτῶν
601 1217 729 1288 ὕπουλα

247 1909 346 2000 φωνῇ
360 1905 602 2000 τεκμαιρόμενοι
615 1903 667 1971 καὶ
681 1908 730 1998 τῷ

246 2043 418 2137 προσώπῳ
460 2040 494 2110 τὸ
535 2039 729 2137 τηλικαύτην

246 2177 341 2272 χάριν
359 2176 605 2272 ἀνεμπλήκτως,
616 2178 652 2247 οὐ
663 2175 728 2271 μὴν

249 2310 456 2409 ἀναισθήτως
483 2312 668 2408 δεχόμενον.

247 2502 346 2574 Haeo
364 2501 563 2585 concinunt,
590 2501 660 2572 nisi
678 2503 770 2593 qnod
788 2502 1003 2574 Plutarchus
1025 2502 1143 2574 Taciti
1161 2502 1366 2574 narratione

246 2614 372 2710 leniter
399 2646 570 2710 exornata
594 2639 737 2715 Pisonis
764 2640 872 2710 animi
899 2639 1194 2729 tranquillitatem
1222 2646 1258 2711 et
1274 2639 1365 2712 facie

245 2781 291 2846 et‘
308 2777 466 2848 oratione
486 2776 701 2865 ¹apparuisse
727 2776 854 2866 prodit,
883 2796 972 2866 quae
998 2797 1055 2846 res
1082 2798 1152 2849 non
1175 2779 1295 2867 magni
1311 2779 1360 2848 est

245 2913 423 2984 momenti.

348 3051 580 3139 Adoptionem
607 3051 821 3122 Plutarchus
848 3070 1060 3140 magnopere
1089 3051 1277 3124 coartavit.
1333 3053 1367 3122 A

137 3171 140 3184 Δ
248 3187 374 3262 Tacito
402 3188 494 3259 enim
520 3188 591 3260 tria
617 3187 898 3278 distinguuntur:
944 3184 982 3286 l)
1002 3163 1194 3260 amicorum
1213 3196 1249 3259 et
1266 3188 1369 3259 fami-

246 3326 389 3396 llarinm
417 3325 613 3409 concilium,
642 3326 703 3397 ubi
732 3326 848 3396 Galba
877 3326 1023 3398 consilio
1053 3347 1115 3397 suo
1142 3327 1367 3416 promulgato

247 3463 441 3534 orationem
476 3462 584 3533 habet
618 3464 664 3533 ad
698 3461 862 3533 Pisonem
897 3457 944 3559 (c.
973 3458 1165 3560 -14-17);
1195 3484 1262 3553 quo
1289 3464 1369 3534 loco

246 3663 367 3718 solitum
395 3679 469 3732 esse,
489 3661 543 3715 sed
561 3661 675 3717 Kranss
706 3661 772 3716 adn.
791 3663 825 3716 10
842 3661 944 3731 obicit,
972 3661 1009 3716 de
1036 3661 1136 3719 tabula
1161 3662 1210 3716 hic
1232 3680 1292 3718 non
1310 3664 1382 3734 agis

245 3748 300 3805 sad
319 3749 355 3804 de
374 3747 514 3815 oratione,
533 3765 621 3818 quam
640 3747 734 3802 Galba
752 3747 789 3803 ad
806 3747 916 3804 milites
935 3747 1045 3802 habere
1062 3747 1190 3803 voluerit
1209 3754 1239 3804 et
1258 3749 1369 3822 partim

246 3835 283 3891 de
302 3834 411 3907 scripto
429 3833 605 3889 recitaverit.
642 3833 726 3888 Idem
738 3833 914 3888 Plutarchus
929 3833 961 3888 G.
976 3834 1008 3888 14
1021 3834 1057 3889 de
1069 3833 1248 3906 Nymphidio
1266 3841 1369 3891 namat

245 3923 329 4005 λόγον
351 3923 410 3986 τινὰ
440 3923 562 4007 κομίζων
584 3921 613 3984 ἐν
636 3921 735 4006 βιβλίῳ
758 3921 950 4005 γεγραμμένον
972 3923 1026 3984 ὑπὸ
1047 3919 1207 4004 Κιγγωνίου
1234 3919 1368 4007 Οὐάρρω-

246 4049 299 4107 νος,
324 4025 355 4090 ὃν
378 4026 596 4110 ἐκμεμελετήκει
617 4025 687 4109 πρὸς
708 4024 770 4094 τοὺς
793 4025 962 4108 στρατιώτας
983 4026 1077 4088 εἰπεῖν.
1120 4031 1297 4088 Plutarchus
1314 4050 1366 4088 no·

246 4127 371 4198 tionem,
395 4144 470 4199 quae
495 4131 636 4196 estune,
659 4126 824 4198 impertae,
848 4123 952 4196 quibus
975 4130 1100 4193 constat,
1120 4124 1251 4182 dividere
1270 4133 1362 4183 amat:

247 4212 331 4270 velut
347 4231 450 4268 vocem
470 4212 636 4286 adoptionis
655 4230 770 4284 semper
789 4209 986 4282 compluribus
1003 4211 1102 4268 verbis
1121 4212 1218 4267 vortit.
