<?xml version="1.0" encoding="UTF-8"?>
<!DOCTYPE html PUBLIC "-//W3C//DTD XHTML 1.0 Transitional//EN"
    "http://www.w3.org/TR/xhtml1/DTD/xhtml1-transitional.dtd">
<html xmlns="http://www.w3.org/1999/xhtml" xml:lang="en" lang="en">
 <head>
  <title>
</title>
<meta http-equiv="Content-Type" content="text/html;charset=utf-8" />
  <meta name='ocr-system' content='tesseract 3.04.00' />
  <meta name='ocr-capabilities' content='ocr_page ocr_carea ocr_par ocr_line ocrx_word'/>
</head>
<body>
  <div class='ocr_page' id='page_1' title='image "./deplutarchiinga00lezigoog_0046.png"; bbox 0 0 3018 4796; ppageno 0'>
   <div class='ocr_carea' id='block_1_1' title="bbox 143 317 1263 441">
    <p class='ocr_par' dir='ltr' id='par_1_1' title="bbox 143 317 1263 441">
     <span class='ocr_line' id='line_1_1' title="bbox 143 317 1263 441; baseline -0.002 -35"><span class='ocrx_word' id='word_1_1' title='bbox 143 317 197 406; x_wconf 83' lang='grc'>0.’</span> <span class='ocrx_word' id='word_1_2' title='bbox 220 335 278 418; x_wconf 81' lang='lat' dir='ltr'><strong>aa,</strong></span> <span class='ocrx_word' id='word_1_3' title='bbox 304 351 415 406; x_wconf 73' lang='lat'>20-22.</span> <span class='ocrx_word' id='word_1_4' title='bbox 668 351 672 360; x_wconf 92' lang='lat'><strong>·</strong></span> <span class='ocrx_word' id='word_1_5' title='bbox 1093 431 1096 441; x_wconf 15' lang='lat'><strong><em>³</em></strong></span> <span class='ocrx_word' id='word_1_6' title='bbox 1217 333 1263 404; x_wconf 87' lang='lat'><strong>41</strong></span> 
     </span>
    </p>
   </div>
   <div class='ocr_carea' id='block_1_2' title="bbox 138 534 1271 2566">
    <p class='ocr_par' dir='ltr' id='par_1_2' title="bbox 141 534 1267 1586">
     <span class='ocr_line' id='line_1_2' title="bbox 144 534 1267 636; baseline -0.004 -24"><span class='ocrx_word' id='word_1_7' title='bbox 144 561 274 613; x_wconf 89' lang='lat' dir='ltr'><strong>novum</strong></span> <span class='ocrx_word' id='word_1_8' title='bbox 288 540 477 611; x_wconf 80' lang='lat' dir='ltr'><strong>caesarem</strong></span> <span class='ocrx_word' id='word_1_9' title='bbox 495 539 632 611; x_wconf 87' lang='lat' dir='ltr'><strong>vultum</strong></span> <span class='ocrx_word' id='word_1_10' title='bbox 651 557 720 610; x_wconf 89' lang='lat' dir='ltr'><strong>nou</strong></span> <span class='ocrx_word' id='word_1_11' title='bbox 739 545 894 610; x_wconf 88' lang='lat' dir='ltr'><strong>mutasse</strong></span> <span class='ocrx_word' id='word_1_12' title='bbox 912 538 1033 610; x_wconf 83' lang='lat' dir='ltr'><strong>tradit.</strong></span> <span class='ocrx_word' id='word_1_13' title='bbox 1065 534 1104 636; x_wconf 80' lang='lat'><strong>2)</strong></span> <span class='ocrx_word' id='word_1_14' title='bbox 1126 539 1267 610; x_wconf 85' lang='lat' dir='ltr'><strong>Nuncu·</strong></span> 
     </span>
     <span class='ocr_line' id='line_1_3' title="bbox 142 669 1265 772; baseline -0.002 -24"><span class='ocrx_word' id='word_1_15' title='bbox 142 679 240 767; x_wconf 88' lang='lat' dir='ltr'><strong>patio</strong></span> <span class='ocrx_word' id='word_1_16' title='bbox 269 678 306 748; x_wconf 91' lang='lat' dir='ltr'><strong>in</strong></span> <span class='ocrx_word' id='word_1_17' title='bbox 333 676 462 748; x_wconf 89' lang='lat' dir='ltr'><strong>castris</strong></span> <span class='ocrx_word' id='word_1_18' title='bbox 489 674 585 745; x_wconf 86' lang='lat' dir='ltr'><strong>facta</strong></span> <span class='ocrx_word' id='word_1_19' title='bbox 612 670 659 772; x_wconf 83' lang='lat' dir='ltr'><strong>(c.</strong></span> <span class='ocrx_word' id='word_1_20' title='bbox 692 669 772 772; x_wconf 84' lang='lat'>18);</span> <span class='ocrx_word' id='word_1_21' title='bbox 808 670 848 772; x_wconf 84' lang='lat'><strong>3)</strong></span> <span class='ocrx_word' id='word_1_22' title='bbox 875 675 1016 746; x_wconf 88' lang='lat' dir='ltr'><strong>Pisonis</strong></span> <span class='ocrx_word' id='word_1_23' title='bbox 1038 675 1079 746; x_wconf 88' lang='lat' dir='ltr'><strong>iu</strong></span> <span class='ocrx_word' id='word_1_24' title='bbox 1105 682 1265 747; x_wconf 85' lang='lat' dir='ltr'><strong>senatum</strong></span> 
     </span>
     <span class='ocr_line' id='line_1_4' title="bbox 142 807 1266 912; baseline 0 -28"><span class='ocrx_word' id='word_1_25' title='bbox 142 815 300 885; x_wconf 79' lang='lat' dir='ltr'>inductio</span> <span class='ocrx_word' id='word_1_26' title='bbox 329 808 377 912; x_wconf 88' lang='lat' dir='ltr'><strong>(c.</strong></span> <span class='ocrx_word' id='word_1_27' title='bbox 407 807 484 908; x_wconf 83' lang='lat'>19).</span> <span class='ocrx_word' id='word_1_28' title='bbox 539 813 696 883; x_wconf 85' lang='lat' dir='ltr'><strong>Primam</strong></span> <span class='ocrx_word' id='word_1_29' title='bbox 721 832 795 882; x_wconf 90' lang='lat' dir='ltr'><strong>rem</strong></span> <span class='ocrx_word' id='word_1_30' title='bbox 822 812 1037 894; x_wconf 70' lang='lat' dir='ltr'><strong>Plutarchus</strong></span> <span class='ocrx_word' id='word_1_31' title='bbox 1054 808 1212 903; x_wconf 85' lang='lat' dir='ltr'><strong>neglegit</strong></span> <span class='ocrx_word' id='word_1_32' title='bbox 1231 818 1266 884; x_wconf 88' lang='lat' dir='ltr'><strong>et</strong></span> 
     </span>
     <span class='ocr_line' id='line_1_5' title="bbox 142 933 1263 1046; baseline -0.004 -21"><span class='ocrx_word' id='word_1_33' title='bbox 142 952 299 1026; x_wconf 88' lang='lat' dir='ltr'><strong>Galbam</strong></span> <span class='ocrx_word' id='word_1_34' title='bbox 329 947 461 1022; x_wconf 89' lang='lat' dir='ltr'><strong>Pisone</strong></span> <span class='ocrx_word' id='word_1_35' title='bbox 492 949 606 1023; x_wconf 86' lang='lat' dir='ltr'><strong>accito</strong></span> <span class='ocrx_word' id='word_1_36' title='bbox 639 949 760 1020; x_wconf 89' lang='lat' dir='ltr'><strong>statim</strong></span> <span class='ocrx_word' id='word_1_37' title='bbox 790 949 827 1018; x_wconf 93' lang='lat' dir='ltr'><strong>in</strong></span> <span class='ocrx_word' id='word_1_38' title='bbox 854 955 973 1046; x_wconf 88' lang='lat' dir='ltr'><strong>castra</strong></span> <span class='ocrx_word' id='word_1_39' title='bbox 996 933 1107 1022; x_wconf 80' lang='lat' dir='ltr'><strong>ivisse</strong></span> <span class='ocrx_word' id='word_1_40' title='bbox 1134 949 1263 1038; x_wconf 80' lang='lat' dir='ltr'><strong>tradit3</strong></span> 
     </span>
     <span class='ocr_line' id='line_1_6' title="bbox 143 1079 1265 1176; baseline -0.002 -16"><span class='ocrx_word' id='word_1_41' title='bbox 143 1107 226 1160; x_wconf 86' lang='lat' dir='ltr'><strong>cum</strong></span> <span class='ocrx_word' id='word_1_42' title='bbox 251 1106 335 1161; x_wconf 84' lang='lat' dir='ltr'><strong>vero</strong></span> <span class='ocrx_word' id='word_1_43' title='bbox 362 1087 404 1158; x_wconf 88' lang='lat' dir='ltr'><strong>de</strong></span> <span class='ocrx_word' id='word_1_44' title='bbox 431 1085 573 1158; x_wconf 86' lang='lat' dir='ltr'><strong>Pisonis</strong></span> <span class='ocrx_word' id='word_1_45' title='bbox 592 1079 791 1159; x_wconf 84' lang='lat' dir='ltr'><strong>constantia</strong></span> <span class='ocrx_word' id='word_1_46' title='bbox 814 1105 885 1159; x_wconf 86' lang='lat' dir='ltr'><strong>nou</strong></span> <span class='ocrx_word' id='word_1_47' title='bbox 902 1092 1021 1176; x_wconf 89' lang='lat' dir='ltr'><strong>posset</strong></span> <span class='ocrx_word' id='word_1_48' title='bbox 1039 1093 1167 1171; x_wconf 86' lang='lat' dir='ltr'><strong>tacere,</strong></span> <span class='ocrx_word' id='word_1_49' title='bbox 1188 1105 1265 1158; x_wconf 88' lang='lat' dir='ltr'><strong>eam</strong></span> 
     </span>
     <span class='ocr_line' id='line_1_7' title="bbox 147 1197 1265 1313; baseline 0 -19"><span class='ocrx_word' id='word_1_50' title='bbox 147 1224 219 1295; x_wconf 88' lang='lat' dir='ltr'><strong>alio</strong></span> <span class='ocrx_word' id='word_1_51' title='bbox 245 1224 322 1295; x_wconf 88' lang='lat' dir='ltr'><strong>loco</strong></span> <span class='ocrx_word' id='word_1_52' title='bbox 350 1223 482 1304; x_wconf 87' lang='lat' dir='ltr'><strong>attulit,</strong></span> <span class='ocrx_word' id='word_1_53' title='bbox 509 1222 586 1293; x_wconf 92' lang='lat' dir='ltr'><strong>looo</strong></span> <span class='ocrx_word' id='word_1_54' title='bbox 613 1243 738 1312; x_wconf 89' lang='lat' dir='ltr'><strong>parum</strong></span> <span class='ocrx_word' id='word_1_55' title='bbox 764 1197 859 1313; x_wconf 80' lang='lat' dir='ltr'><strong>apto.</strong></span> <span class='ocrx_word' id='word_1_56' title='bbox 899 1224 1060 1295; x_wconf 83' lang='lat' dir='ltr'><strong>Tertium</strong></span> <span class='ocrx_word' id='word_1_57' title='bbox 1087 1224 1172 1296; x_wconf 88' lang='lat' dir='ltr'><strong>item</strong></span> <span class='ocrx_word' id='word_1_58' title='bbox 1194 1215 1265 1294; x_wconf 87' lang='lat' dir='ltr'><strong>hon</strong></span> 
     </span>
     <span class='ocr_line' id='line_1_8' title="bbox 143 1359 1265 1451; baseline -0.001 -19"><span class='ocrx_word' id='word_1_59' title='bbox 143 1360 270 1432; x_wconf 82' lang='lat' dir='ltr'><strong>adfert.</strong></span> <span class='ocrx_word' id='word_1_60' title='bbox 326 1361 451 1449; x_wconf 90' lang='lat' dir='ltr'><strong>Itaque</strong></span> <span class='ocrx_word' id='word_1_61' title='bbox 480 1359 626 1432; x_wconf 78' lang='lat' dir='ltr'><strong>Tacitus</strong></span> <span class='ocrx_word' id='word_1_62' title='bbox 641 1365 689 1431; x_wconf 56' lang='lat' dir='ltr'><strong>&#39;et</strong></span> <span class='ocrx_word' id='word_1_63' title='bbox 719 1359 925 1450; x_wconf 85' lang='lat' dir='ltr'><strong>diligentius</strong></span> <span class='ocrx_word' id='word_1_64' title='bbox 952 1367 987 1432; x_wconf 92' lang='lat' dir='ltr'><strong>et</strong></span> <span class='ocrx_word' id='word_1_65' title='bbox 1013 1361 1131 1450; x_wconf 85' lang='lat' dir='ltr'><strong>aptius</strong></span> <span class='ocrx_word' id='word_1_66' title='bbox 1158 1362 1265 1451; x_wconf 87' lang='lat' dir='ltr'><strong>adop-</strong></span> 
     </span>
     <span class='ocr_line' id='line_1_9' title="bbox 141 1496 502 1586; baseline -0.008 -17"><span class='ocrx_word' id='word_1_67' title='bbox 141 1498 278 1569; x_wconf 90' lang='lat' dir='ltr'><strong>tionem</strong></span> <span class='ocrx_word' id='word_1_68' title='bbox 305 1496 502 1586; x_wconf 86' lang='lat' dir='ltr'><strong>descripsit.</strong></span> 
     </span>
    </p>

    <p class='ocr_par' dir='ltr' id='par_1_3' title="bbox 138 1632 1271 2566">
     <span class='ocr_line' id='line_1_10' title="bbox 174 1632 1271 1724; baseline -0.007 -18"><span class='ocrx_word' id='word_1_69' title='bbox 174 1700 176 1706; x_wconf 89' lang='lat'>.</span> <span class='ocrx_word' id='word_1_70' title='bbox 251 1633 334 1704; x_wconf 88' lang='lat' dir='ltr'><strong>Huc</strong></span> <span class='ocrx_word' id='word_1_71' title='bbox 365 1632 517 1704; x_wconf 89' lang='lat' dir='ltr'><strong>adnectit</strong></span> <span class='ocrx_word' id='word_1_72' title='bbox 547 1633 762 1723; x_wconf 76' lang='lat' dir='ltr'><strong>Plutarchus</strong></span> <span class='ocrx_word' id='word_1_73' title='bbox 794 1654 884 1724; x_wconf 86' lang='lat' dir='ltr'><strong>quae</strong></span> <span class='ocrx_word' id='word_1_74' title='bbox 911 1635 953 1705; x_wconf 89' lang='lat' dir='ltr'><strong>de</strong></span> <span class='ocrx_word' id='word_1_75' title='bbox 980 1633 1130 1712; x_wconf 90' lang='lat' dir='ltr'><strong>Othonis</strong></span> <span class='ocrx_word' id='word_1_76' title='bbox 1157 1634 1271 1716; x_wconf 77' lang='lat' dir='ltr'><strong>animi.</strong></span> 
     </span>
     <span class='ocr_line' id='line_1_11' title="bbox 147 1769 911 1860; baseline -0.001 -19"><span class='ocrx_word' id='word_1_77' title='bbox 147 1770 411 1860; x_wconf 84' lang='lat' dir='ltr'><strong>perturbatione</strong></span> <span class='ocrx_word' id='word_1_78' title='bbox 438 1771 474 1840; x_wconf 91' lang='lat' dir='ltr'><strong>in</strong></span> <span class='ocrx_word' id='word_1_79' title='bbox 501 1769 599 1842; x_wconf 84' lang='lat' dir='ltr'><strong>fonte</strong></span> <span class='ocrx_word' id='word_1_80' title='bbox 625 1771 776 1842; x_wconf 88' lang='lat' dir='ltr'><strong>invenit:</strong></span> <span class='ocrx_word' id='word_1_81' title='bbox 909 1799 911 1808; x_wconf 69' lang='lat'><em>,</em></span> 
     </span>
     <span class='ocr_line' id='line_1_12' title="bbox 146 1901 1268 2002; baseline -0.003 -21"><span class='ocrx_word' id='word_1_82' title='bbox 146 1931 178 1981; x_wconf 78' lang='lat' dir='ltr'><strong>v.</strong></span> <span class='ocrx_word' id='word_1_83' title='bbox 209 1907 356 1978; x_wconf 78' lang='lat'><strong>20-22</strong></span> <span class='ocrx_word' id='word_1_84' title='bbox 398 1906 513 2002; x_wconf 81' lang='grc' dir='ltr'>ὥσπερ</span> <span class='ocrx_word' id='word_1_85' title='bbox 549 1904 589 1976; x_wconf 82' lang='grc' dir='ltr'><strong>αὖ</strong></span> <span class='ocrx_word' id='word_1_86' title='bbox 622 1901 702 1991; x_wconf 73' lang='lat' dir='ltr'><strong>rodi</strong></span> <span class='ocrx_word' id='word_1_87' title='bbox 732 1929 760 1978; x_wconf 86' lang='lat' dir='ltr'><strong>c.</strong></span> <span class='ocrx_word' id='word_1_88' title='bbox 785 1911 843 1991; x_wconf 80' lang='lat'><strong>21,</strong></span> <span class='ocrx_word' id='word_1_89' title='bbox 882 1911 899 1978; x_wconf 93' lang='grc'>1</span> <span class='ocrx_word' id='word_1_90' title='bbox 928 1927 979 1998; x_wconf 84' lang='lat' dir='ltr'><strong>sq.</strong></span> <span class='ocrx_word' id='word_1_91' title='bbox 1013 1910 1135 1978; x_wconf 79' lang='lat' dir='ltr'><strong>intereo</strong></span> <span class='ocrx_word' id='word_1_92' title='bbox 1170 1906 1268 1978; x_wconf 77' lang='lat' dir='ltr'><strong>Otho-</strong></span> 
     </span>
     <span class='ocr_line' id='line_1_13' title="bbox 138 1973 1267 2142; baseline -0.001 -27"><span class='ocrx_word' id='word_1_93' title='bbox 138 2039 292 2119; x_wconf 75' lang='grc' dir='ltr'>Ὄθωνος</span> <span class='ocrx_word' id='word_1_94' title='bbox 338 2039 532 2136; x_wconf 77' lang='grc' dir='ltr'>ἐπεφαίνετο</span> <span class='ocrx_word' id='word_1_95' title='bbox 571 1973 704 2142; x_wconf 47' lang='grc' dir='ltr'>πολλὰ.</span> <span class='ocrx_word' id='word_1_96' title='bbox 732 2066 814 2132; x_wconf 82' lang='lat' dir='ltr'><strong>uem,</strong></span> <span class='ocrx_word' id='word_1_97' title='bbox 860 2051 915 2114; x_wconf 82' lang='lat' dir='ltr'><strong>cut</strong></span> <span class='ocrx_word' id='word_1_98' title='bbox 952 2047 1133 2137; x_wconf 76' lang='lat' dir='ltr'><strong>compositis</strong></span> <span class='ocrx_word' id='word_1_99' title='bbox 1173 2043 1267 2114; x_wconf 82' lang='lat' dir='ltr'><strong>rebus</strong></span> 
     </span>
     <span class='ocr_line' id='line_1_14' title="bbox 140 2179 1268 2296; baseline 0.001 -45"><span class='ocrx_word' id='word_1_100' title='bbox 140 2187 266 2276; x_wconf 77' lang='grc' dir='ltr'>σημεῖα</span> <span class='ocrx_word' id='word_1_101' title='bbox 290 2185 465 2296; x_wconf 49' lang='grc' dir='ltr'>τῇῦορφῇ</span> <span class='ocrx_word' id='word_1_102' title='bbox 490 2187 611 2276; x_wconf 82' lang='grc' dir='ltr'>πικρῶς</span> <span class='ocrx_word' id='word_1_103' title='bbox 629 2182 681 2250; x_wconf 80' lang='grc' dir='ltr'><strong>καὶ</strong></span> <span class='ocrx_word' id='word_1_104' title='bbox 734 2181 826 2252; x_wconf 66' lang='lat' dir='ltr'><strong>totth</strong></span> <span class='ocrx_word' id='word_1_105' title='bbox 851 2203 935 2274; x_wconf 76' lang='lat' dir='ltr'><strong>spes,</strong></span> <span class='ocrx_word' id='word_1_106' title='bbox 962 2203 1054 2251; x_wconf 75' lang='lat' dir='ltr'><strong>ouum</strong></span> <span class='ocrx_word' id='word_1_107' title='bbox 1079 2186 1113 2252; x_wconf 83' lang='lat' dir='ltr'><strong>iu</strong></span> <span class='ocrx_word' id='word_1_108' title='bbox 1140 2179 1268 2252; x_wconf 69' lang='lat' dir='ltr'><strong>tor-tado</strong></span> 
     </span>
     <span class='ocr_line' id='line_1_15' title="bbox 143 2315 1267 2414; baseline 0 -28"><span class='ocrx_word' id='word_1_109' title='bbox 143 2317 203 2386; x_wconf 80' lang='grc' dir='ltr'><strong>σὺν</strong></span> <span class='ocrx_word' id='word_1_110' title='bbox 244 2318 326 2414; x_wconf 74' lang='grc' dir='ltr'><strong>ὀργῇ</strong></span> <span class='ocrx_word' id='word_1_111' title='bbox 357 2323 414 2412; x_wconf 77' lang='grc' dir='ltr'><strong>τῆς</strong></span> <span class='ocrx_word' id='word_1_112' title='bbox 456 2315 585 2392; x_wconf 79' lang='grc' dir='ltr'>ἐλπίδος</span> <span class='ocrx_word' id='word_1_113' title='bbox 623 2317 682 2413; x_wconf 75' lang='grc' dir='ltr'><strong>τὴν</strong></span> <span class='ocrx_word' id='word_1_114' title='bbox 734 2318 913 2408; x_wconf 74' lang='lat' dir='ltr'><strong>corrodium,</strong></span> <span class='ocrx_word' id='word_1_115' title='bbox 935 2320 1038 2390; x_wconf 75' lang='lat' dir='ltr'><strong>rectio</strong></span> <span class='ocrx_word' id='word_1_116' title='bbox 1051 2318 1151 2393; x_wconf 78' lang='lat' dir='ltr'><strong>simul</strong></span> <span class='ocrx_word' id='word_1_117' title='bbox 1167 2322 1267 2413; x_wconf 48' lang='lat' dir='ltr'><strong>eccle?</strong></span> 
     </span>
     <span class='ocr_line' id='line_1_16' title="bbox 147 2421 1266 2566; baseline 0.003 -44"><span class='ocrx_word' id='word_1_118' title='bbox 147 2451 319 2556; x_wconf 54' lang='lat' dir='ltr'><strong>&amp;uersutis</strong></span> <span class='ocrx_word' id='word_1_119' title='bbox 341 2455 502 2551; x_wconf 81' lang='grc' dir='ltr'>φέροντος.</span> <span class='ocrx_word' id='word_1_120' title='bbox 537 2421 541 2428; x_wconf 29' lang='grc'><strong>”</strong></span> <span class='ocrx_word' id='word_1_121' title='bbox 735 2453 918 2566; x_wconf 80' lang='lat' dir='ltr'><strong>mutabunt.</strong></span> <span class='ocrx_word' id='word_1_122' title='bbox 930 2509 938 2527; x_wconf 90' lang='lat'><strong>.</strong></span> <span class='ocrx_word' id='word_1_123' title='bbox 952 2461 1001 2526; x_wconf 79' lang='lat' dir='ltr'><strong>‚tu</strong></span> <span class='ocrx_word' id='word_1_124' title='bbox 1014 2451 1148 2524; x_wconf 74' lang='lat' dir='ltr'><strong>Gothum</strong></span> <span class='ocrx_word' id='word_1_125' title='bbox 1160 2460 1266 2526; x_wconf 78' lang='lat' dir='ltr'><strong>tro...</strong></span> 
     </span>
    </p>
   </div>
   <div class='ocr_carea' id='block_1_3' title="bbox 143 2571 1407 2703">
    <p class='ocr_par' dir='ltr' id='par_1_4' title="bbox 143 2571 1407 2703">
     <span class='ocr_line' id='line_1_17' title="bbox 143 2571 1407 2703; baseline 0.002 -41"><span class='ocrx_word' id='word_1_126' title='bbox 143 2571 368 2676; x_wconf 76' lang='lat' dir='ltr'><strong>Plutarchus</strong></span> <span class='ocrx_word' id='word_1_127' title='bbox 394 2593 425 2663; x_wconf 86' lang='lat' dir='ltr'><strong>si</strong></span> <span class='ocrx_word' id='word_1_128' title='bbox 443 2593 554 2702; x_wconf 84' lang='lat' dir='ltr'><strong>verba</strong></span> <span class='ocrx_word' id='word_1_129' title='bbox 573 2592 649 2663; x_wconf 88' lang='lat' dir='ltr'><strong>eius</strong></span> <span class='ocrx_word' id='word_1_130' title='bbox 666 2592 874 2692; x_wconf 49' lang='lat' dir='ltr'><strong>premimus„</strong></span> <span class='ocrx_word' id='word_1_131' title='bbox 893 2571 1066 2663; x_wconf 84' lang='lat' dir='ltr'><strong>Othonem</strong></span> <span class='ocrx_word' id='word_1_132' title='bbox 1085 2589 1271 2703; x_wconf 86' lang='lat' dir='ltr'><strong>adoptioni¹</strong></span> <span class='ocrx_word' id='word_1_133' title='bbox 1393 2667 1407 2694; x_wconf 55' lang='lat'><em>‚</em></span> 
     </span>
    </p>
   </div>
   <div class='ocr_carea' id='block_1_4' title="bbox 81 2713 1267 3915">
    <p class='ocr_par' dir='ltr' id='par_1_5' title="bbox 81 2713 1267 3915">
     <span class='ocr_line' id='line_1_18' title="bbox 139 2713 1267 2838; baseline 0.003 -39"><span class='ocrx_word' id='word_1_134' title='bbox 139 2729 345 2802; x_wconf 85' lang='lat' dir='ltr'><strong>interfuisse</strong></span> <span class='ocrx_word' id='word_1_135' title='bbox 372 2736 409 2801; x_wconf 93' lang='lat' dir='ltr'><strong>et</strong></span> <span class='ocrx_word' id='word_1_136' title='bbox 434 2732 538 2804; x_wconf 82' lang='lat' dir='ltr'><strong>vultu</strong></span> <span class='ocrx_word' id='word_1_137' title='bbox 565 2732 678 2818; x_wconf 89' lang='lat' dir='ltr'><strong>multa</strong></span> <span class='ocrx_word' id='word_1_138' title='bbox 704 2730 961 2820; x_wconf 85' lang='lat' dir='ltr'><strong>desperationis</strong></span> <span class='ocrx_word' id='word_1_139' title='bbox 986 2730 1089 2838; x_wconf 84' lang='lat' dir='ltr'><strong>sigua</strong></span> <span class='ocrx_word' id='word_1_140' title='bbox 1116 2713 1267 2802; x_wconf 85' lang='lat' dir='ltr'><strong>edidisse</strong></span> 
     </span>
     <span class='ocr_line' id='line_1_19' title="bbox 138 2868 1267 2971; baseline 0 -33"><span class='ocrx_word' id='word_1_141' title='bbox 138 2873 323 2951; x_wconf 90' lang='lat' dir='ltr'><strong>memorat,</strong></span> <span class='ocrx_word' id='word_1_142' title='bbox 351 2869 448 2939; x_wconf 89' lang='lat' dir='ltr'><strong>haud</strong></span> <span class='ocrx_word' id='word_1_143' title='bbox 474 2868 580 2938; x_wconf 89' lang='lat' dir='ltr'><strong>dubie</strong></span> <span class='ocrx_word' id='word_1_144' title='bbox 606 2875 647 2939; x_wconf 91' lang='lat' dir='ltr'><strong>ut</strong></span> <span class='ocrx_word' id='word_1_145' title='bbox 674 2888 753 2944; x_wconf 89' lang='lat' dir='ltr'><strong>eum</strong></span> <span class='ocrx_word' id='word_1_146' title='bbox 779 2868 902 2939; x_wconf 90' lang='lat' dir='ltr'><strong>Pisoni</strong></span> <span class='ocrx_word' id='word_1_147' title='bbox 934 2869 1169 2971; x_wconf 83' lang='lat' dir='ltr'><strong>constantiam</strong></span> <span class='ocrx_word' id='word_1_148' title='bbox 1196 2888 1267 2940; x_wconf 88' lang='lat' dir='ltr'><strong>ser-</strong></span> 
     </span>
     <span class='ocr_line' id='line_1_20' title="bbox 142 2985 1267 3115; baseline 0.001 -41"><span class='ocrx_word' id='word_1_149' title='bbox 142 3004 244 3074; x_wconf 85' lang='lat' dir='ltr'><strong>vanti</strong></span> <span class='ocrx_word' id='word_1_150' title='bbox 261 3009 426 3094; x_wconf 89' lang='lat' dir='ltr'><strong>opponat.</strong></span> <span class='ocrx_word' id='word_1_151' title='bbox 463 3005 595 3108; x_wconf 81' lang='lat' dir='ltr'><strong>Contra</strong></span> <span class='ocrx_word' id='word_1_152' title='bbox 607 3025 658 3104; x_wconf 84' lang='lat' dir='ltr'><strong>ex</strong></span> <span class='ocrx_word' id='word_1_153' title='bbox 673 3005 798 3076; x_wconf 81' lang='lat' dir='ltr'><strong>Tacito</strong></span> <span class='ocrx_word' id='word_1_154' title='bbox 818 3026 847 3076; x_wconf 88' lang='lat' dir='ltr'><strong>c.</strong></span> <span class='ocrx_word' id='word_1_155' title='bbox 869 2985 928 3090; x_wconf 55' lang='lat' dir='ltr'><strong>14ss</strong></span> <span class='ocrx_word' id='word_1_156' title='bbox 945 3007 1042 3076; x_wconf 88' lang='grc'><strong>4-6</strong></span> <span class='ocrx_word' id='word_1_157' title='bbox 1064 3003 1267 3115; x_wconf 68' lang='lat' dir='ltr'><strong>additurque</strong></span> 
     </span>
     <span class='ocr_line' id='line_1_21' title="bbox 141 3114 1265 3233; baseline 0.001 -23"><span class='ocrx_word' id='word_1_158' title='bbox 141 3161 241 3233; x_wconf 79' lang='lat' dir='ltr'><strong>sopor</strong></span> <span class='ocrx_word' id='word_1_159' title='bbox 272 3121 396 3211; x_wconf 78' lang='lat' dir='ltr'><strong>Vinium</strong></span> <span class='ocrx_word' id='word_1_160' title='bbox 422 3165 461 3212; x_wconf 86' lang='lat' dir='ltr'><strong>uo</strong></span> <span class='ocrx_word' id='word_1_161' title='bbox 493 3140 651 3213; x_wconf 75' lang='lat' dir='ltr'><strong>Lucerum</strong></span> <span class='ocrx_word' id='word_1_162' title='bbox 687 3140 789 3212; x_wconf 79' lang='lat' dir='ltr'><strong>Murio</strong></span> <span class='ocrx_word' id='word_1_163' title='bbox 827 3114 950 3212; x_wconf 73' lang='lat' dir='ltr'><strong>Celso.</strong></span> <span class='ocrx_word' id='word_1_164' title='bbox 981 3196 989 3214; x_wconf 87' lang='lat'><strong>.</strong></span> <span class='ocrx_word' id='word_1_165' title='bbox 1018 3197 1024 3210; x_wconf 91' lang='lat'><strong>.</strong></span> <span class='ocrx_word' id='word_1_166' title='bbox 1054 3165 1092 3212; x_wconf 84' lang='lat' dir='ltr'><strong>uc</strong></span> <span class='ocrx_word' id='word_1_167' title='bbox 1126 3140 1265 3212; x_wconf 80' lang='lat' dir='ltr'><strong>Duceuzh</strong></span> 
     </span>
     <span class='ocr_line' id='line_1_22' title="bbox 146 3256 1264 3368; baseline 0.003 -22"><span class='ocrx_word' id='word_1_168' title='bbox 146 3277 276 3347; x_wconf 75' lang='lat' dir='ltr'><strong>Gemino</strong></span> <span class='ocrx_word' id='word_1_169' title='bbox 299 3286 449 3361; x_wconf 89' lang='lat' dir='ltr'><strong>constat,</strong></span> <span class='ocrx_word' id='word_1_170' title='bbox 479 3269 650 3350; x_wconf 91' lang='lat' dir='ltr'><strong>Othonem</strong></span> <span class='ocrx_word' id='word_1_171' title='bbox 677 3278 746 3368; x_wconf 91' lang='lat' dir='ltr'><strong>ipsi</strong></span> <span class='ocrx_word' id='word_1_172' title='bbox 764 3279 943 3368; x_wconf 89' lang='lat' dir='ltr'><strong>adoptioni</strong></span> <span class='ocrx_word' id='word_1_173' title='bbox 961 3275 1031 3348; x_wconf 86' lang='lat' dir='ltr'><strong>non</strong></span> <span class='ocrx_word' id='word_1_174' title='bbox 1042 3256 1264 3350; x_wconf 85' lang='lat' dir='ltr'><strong>interfuisse.</strong></span> 
     </span>
     <span class='ocr_line' id='line_1_23' title="bbox 143 3414 1264 3506; baseline 0.001 -20"><span class='ocrx_word' id='word_1_175' title='bbox 143 3415 376 3487; x_wconf 86' lang='lat' dir='ltr'><strong>Plutarchum</strong></span> <span class='ocrx_word' id='word_1_176' title='bbox 409 3417 522 3505; x_wconf 86' lang='lat' dir='ltr'><strong>igitur</strong></span> <span class='ocrx_word' id='word_1_177' title='bbox 556 3415 706 3505; x_wconf 86' lang='lat' dir='ltr'><strong>singulis</strong></span> <span class='ocrx_word' id='word_1_178' title='bbox 739 3417 843 3485; x_wconf 88' lang='lat' dir='ltr'><strong>rebus</strong></span> <span class='ocrx_word' id='word_1_179' title='bbox 876 3414 1047 3504; x_wconf 80' lang='lat' dir='ltr'><strong>neglectis</strong></span> <span class='ocrx_word' id='word_1_180' title='bbox 1088 3417 1154 3486; x_wconf 90' lang='lat' dir='ltr'><strong>huc</strong></span> <span class='ocrx_word' id='word_1_181' title='bbox 1187 3415 1264 3506; x_wconf 89' lang='lat' dir='ltr'><strong>loco</strong></span> 
     </span>
     <span class='ocr_line' id='line_1_24' title="bbox 81 3552 1264 3657; baseline 0.002 -36"><span class='ocrx_word' id='word_1_182' title='bbox 81 3653 85 3657; x_wconf 81' lang='lat'>.</span> <span class='ocrx_word' id='word_1_183' title='bbox 141 3553 233 3623; x_wconf 93' lang='lat' dir='ltr'><strong>nihil</strong></span> <span class='ocrx_word' id='word_1_184' title='bbox 265 3553 364 3624; x_wconf 89' lang='lat' dir='ltr'><strong>aliud</strong></span> <span class='ocrx_word' id='word_1_185' title='bbox 381 3555 511 3641; x_wconf 79' lang='lat' dir='ltr'><strong>egisse</strong></span> <span class='ocrx_word' id='word_1_186' title='bbox 542 3553 791 3642; x_wconf 89' lang='lat' dir='ltr'><strong>perspicimus,</strong></span> <span class='ocrx_word' id='word_1_187' title='bbox 819 3553 888 3624; x_wconf 86' lang='lat' dir='ltr'><strong>nisi</strong></span> <span class='ocrx_word' id='word_1_188' title='bbox 921 3558 962 3623; x_wconf 97' lang='grc'><strong>00</strong></span> <span class='ocrx_word' id='word_1_189' title='bbox 988 3552 1159 3624; x_wconf 84' lang='lat' dir='ltr'><strong>antithesi</strong></span> <span class='ocrx_word' id='word_1_190' title='bbox 1186 3573 1264 3623; x_wconf 89' lang='lat' dir='ltr'><strong>ora·</strong></span> 
     </span>
     <span class='ocr_line' id='line_1_25' title="bbox 137 3684 1265 3786; baseline 0 -26"><span class='ocrx_word' id='word_1_191' title='bbox 137 3690 236 3761; x_wconf 89' lang='lat' dir='ltr'><strong>toria</strong></span> <span class='ocrx_word' id='word_1_192' title='bbox 251 3690 338 3760; x_wconf 87' lang='lat' dir='ltr'><strong>duos</strong></span> <span class='ocrx_word' id='word_1_193' title='bbox 353 3689 492 3778; x_wconf 88' lang='lat' dir='ltr'><strong>imperii</strong></span> <span class='ocrx_word' id='word_1_194' title='bbox 508 3690 714 3760; x_wconf 89' lang='lat' dir='ltr'><strong>candidatos</strong></span> <span class='ocrx_word' id='word_1_195' title='bbox 725 3695 952 3778; x_wconf 78' lang='lat' dir='ltr'><strong>‘compararet</strong></span> <span class='ocrx_word' id='word_1_196' title='bbox 962 3684 1002 3786; x_wconf 86' lang='lat'><strong>¹).</strong></span> <span class='ocrx_word' id='word_1_197' title='bbox 1032 3691 1129 3775; x_wconf 81' lang='lat' dir='ltr'><strong>Quae</strong></span> <span class='ocrx_word' id='word_1_198' title='bbox 1141 3689 1265 3778; x_wconf 78' lang='lat' dir='ltr'><strong>&#39;pergit</strong></span> 
     </span>
     <span class='ocr_line' id='line_1_26' title="bbox 135 3825 1133 3915; baseline -0.002 -17"><span class='ocrx_word' id='word_1_199' title='bbox 135 3827 258 3898; x_wconf 87' lang='lat' dir='ltr'><strong>dicere</strong></span> <span class='ocrx_word' id='word_1_200' title='bbox 286 3827 328 3897; x_wconf 89' lang='lat' dir='ltr'><strong>de</strong></span> <span class='ocrx_word' id='word_1_201' title='bbox 356 3825 493 3898; x_wconf 89' lang='lat' dir='ltr'><strong>Othone</strong></span> <span class='ocrx_word' id='word_1_202' title='bbox 522 3828 638 3898; x_wconf 92' lang='lat' dir='ltr'><strong>omnia</strong></span> <span class='ocrx_word' id='word_1_203' title='bbox 664 3827 757 3915; x_wconf 92' lang='lat' dir='ltr'><strong>apud</strong></span> <span class='ocrx_word' id='word_1_204' title='bbox 784 3828 949 3899; x_wconf 80' lang='lat' dir='ltr'><strong>Tacitum</strong></span> <span class='ocrx_word' id='word_1_205' title='bbox 976 3832 1133 3898; x_wconf 84' lang='lat' dir='ltr'><strong>exstant:</strong></span> 
     </span>
    </p>
   </div>
   <div class='ocr_carea' id='block_1_5' title="bbox 142 4154 1263 4336">
    <p class='ocr_par' dir='ltr' id='par_1_6' title="bbox 142 4154 1263 4336">
     <span class='ocr_line' id='line_1_27' title="bbox 244 4154 1263 4252; baseline 0.002 -18"><span class='ocrx_word' id='word_1_206' title='bbox 244 4181 272 4238; x_wconf 77' lang='lat' dir='ltr'><strong>lt</strong></span> <span class='ocrx_word' id='word_1_207' title='bbox 308 4179 447 4236; x_wconf 78' lang='lat' dir='ltr'><strong>Fortasse</strong></span> <span class='ocrx_word' id='word_1_208' title='bbox 465 4197 538 4236; x_wconf 83' lang='lat' dir='ltr'><strong>voce</strong></span> <span class='ocrx_word' id='word_1_209' title='bbox 550 4154 647 4252; x_wconf 61' lang='grc' dir='ltr'><strong>Ι000νοοι</strong></span> <span class='ocrx_word' id='word_1_210' title='bbox 665 4178 811 4246; x_wconf 83' lang='lat' dir='ltr'><strong>adductus</strong></span> <span class='ocrx_word' id='word_1_211' title='bbox 831 4186 883 4247; x_wconf 81' lang='lat' dir='ltr'><strong>est,</strong></span> <span class='ocrx_word' id='word_1_212' title='bbox 903 4195 988 4250; x_wconf 82' lang='lat' dir='ltr'><strong>quam</strong></span> <span class='ocrx_word' id='word_1_213' title='bbox 1007 4181 1161 4252; x_wconf 84' lang='lat' dir='ltr'><strong>angustius</strong></span> <span class='ocrx_word' id='word_1_214' title='bbox 1174 4181 1263 4238; x_wconf 89' lang='lat' dir='ltr'><strong>iuter-</strong></span> 
     </span>
     <span class='ocr_line' id='line_1_28' title="bbox 142 4271 318 4336; baseline -0.006 -16"><span class='ocrx_word' id='word_1_215' title='bbox 142 4271 318 4336; x_wconf 86' lang='lat' dir='ltr'><strong>protaretur.</strong></span> 
     </span>
    </p>
   </div>
   <div class='ocr_carea' id='block_1_6' title="bbox 0 0 1514 4796">
    <p class='ocr_par' dir='ltr' id='par_1_7' title="bbox 0 0 1514 4796">
     <span class='ocr_line' id='line_1_29' title="bbox 0 0 1514 4796; baseline 0 0"><span class='ocrx_word' id='word_1_216' title='bbox 0 0 1514 4796; x_wconf 95' lang='lat' dir='ltr'><strong> </strong></span> 
     </span>
    </p>
   </div>
  </div>
 </body>
</html>
