3018 4796
128 265 178 335 G.
214 266 274 350 29,
302 279 376 334 1-5.
627 323 630 330 ,
1219 253 1271 334 71³

126 471 237 543 facta
264 471 338 542 sint
365 489 444 542 cum
471 469 647 560 capitibus
666 468 764 539 Vinii
791 474 827 540 at
852 468 994 542 Pisonis
1021 469 1201 552 discernit,
1230 455 1274 539 'e't1

132 609 282 698 singula
309 612 423 690 curat,
451 625 541 696 quae
568 626 648 678 cum
676 606 813 678 Galbae
840 605 956 696 capite
983 603 1080 678 facta
1107 605 1197 688 sint‘,
1221 623 1279 677 ac*

132 747 237 817 solus
264 744 427 818 Helvidii
453 739 543 815 lacit
568 743 790 814 mentionem.
845 743 978 816 Contra
1005 743 1152 817 Tacitus
1172 743 1267 813 Scri·

130 882 333 954 bonianum
361 880 630 970 Crispinamque
656 881 824 962 nominat,
860 879 989 970 capitis
1017 879 1185 952 Galbiani
1203 889 1278 950 se·'

126 1021 320 1112 pulturam
356 1022 623 1100 commemorat,
652 1017 803 1106 Argium
836 1016 1042 1106 diligentius
1075 1016 1264 1106 significat.

131 1159 267 1248 Itaque
299 1155 517 1227 Plutarchus
550 1155 619 1228 hoc
651 1155 728 1225 loeo
764 1160 828 1225 aut
853 1154 992 1226 omnino
1021 1155 1091 1225 alio
1120 1159 1264 1228 auctore

136 1313 226 1366 usus
260 1298 315 1364 est
347 1313 391 1364 ac
424 1293 565 1376 Tacito,
602 1298 665 1364 aut
698 1293 823 1362 saltem
854 1297 997 1380 praeter
1029 1292 1123 1362 huno
1154 1291 1263 1364 alium

133 1431 312 1520 adhibuit.
367 1429 436 1514 Qui
470 1449 541 1500 uon
575 1428 667 1500 idem
700 1428 787 1512 fuit,
815 1447 883 1518 quo
911 1427 1064 1500 Tacitus·
1085 1443 1171 1499 usus
1198 1433 1281 1499 est⁴

133 1569 273 1640 Mirum
301 1567 402 1637 enim
420 1567 485 1648 est,
515 1566 607 1655 quod
634 1565 707 1648 hic,
736 1565 796 1656 qui
822 1565 952 1655 ubique
980 1565 1138 1638 Helvidii
1166 1574 1280 1636 aceri

139 1704 254 1775 rimus
286 1702 332 1774 sit
364 1703 528 1773 laudator
560 1696 624 1798 (cf.
652 1703 687 1772 h.
716 1669 778 1786 IV,
814 1706 834 1774 5
870 1696 940 1800 sq.)
977 1721 1125 1792 eumque
1158 1713 1277 1792 quam·

144 1841 293 1912 maxime
333 1839 369 1910 in
408 1840 522 1910 lucem
561 1839 737 1929 proferat,
774 1840 841 1910 hoo
874 1840 961 1910 eius·
985 1839 1139 1910 facinus
1160 1840 1264 1929 plane

137 1977 308 2067 neglegit.
364 1975 403 2046 Si
434 1981 582 2066 uterque
616 1976 768 2065 scriptor
794 1976 941 2047 cundem
974 1975 1107 2047 fontem
1133 1977 1262 2064 prima-

133 2116 229 2186 rium
256 2113 375 2203 elegit,
403 2112 493 2183 nihil
520 2117 584 2196 est,
613 2113 706 2202 quod
723 2114 790 2182 hoc
809 2112 977 2184 omiserit.
1033 2103 1270 2204 Itaquehlnc·

134 2251 380 2334 concluserim,
408 2267 468 2320 eos
494 2249 637 2320 minime
664 2267 746 2320 usos
768 2267 844 2320 esse
862 2270 931 2320 uno
951 2255 987 2320 ct
1003 2251 1125 2320 eodem
1152 2249 1282 2333 fonte*

139 2389 203 2458 sed
228 2387 454 2458 Plutarchum
482 2386 696 2475 ascriptore
722 2387 759 2457 id
786 2386 960 2471 hausisse,
985 2405 1086 2477 quem
1115 2386 1262 2458 Tacitus

135 2545 209 2598 nou
236 2530 437 2614 sequeretur
462 2520 582 2612 primo
604 2524 692 2594 loco.
986 2613 989 2620 ¹
1074 2569 1077 2574 -
1281 2581 1283 2591 ,

238 2661 322 2751 Gap.
351 2661 495 2744 XXIX,
524 2662 617 2751 quod
644 2660 834 2731 Plutarchi
861 2661 903 2732 de
931 2662 1047 2760 Galba
1075 2662 1261 2751 cogitatio-

125 2800 237 2870 nibus
265 2804 418 2882 constat,
447 2803 628 2868 extentum
655 2797 798 2870 videtur
824 2817 869 2868 ex
896 2799 982 2871 Pac.
1011 2819 1042 2868 c.
1072 2799 1160 2870 nez»
1281 2811 1284 2816 ’

126 2959 162 3010 v.
184 2938 284 3006 1-3
299 2934 479 3006 ταιαῦτατὰ
493 2933 637 3006 κατὰτὸν
652 2930 795 3032 Γάλβαν,
850 2955 879 3007 c.
916 2936 982 3019 49,
1018 2938 1051 3006 7·
1074 2957 1144 3026 sq.¹
1177 2934 1282 3008 hurle·

127 3070 235 3168 ἄνδρα
282 3071 366 3167 μήτε
413 3071 496 3165 γένει
537 3072 623 3168 μήτε
661 3070 795 3166 πλούτῳ
850 3069 971 3142 ration.
1020 3061 1144 3144 Ιιαέιιιὶίἶ
1188 3072 1261 3144 Ser·-

126 3207 284 3279 πνλλῶν
320 3207 563 3303 ἀπολειφθέντα
610 3203 796 3300 Ῥωμαίων,
851 3215 921 3278 cun
951 3207 1146 3282 Galba...
1173 3213 1270 3283 uenus·

129 3348 213 3438 ὁμοῦ
257 3344 293 3414 δὲ
332 3344 463 3442 πλούτῳ
503 3345 555 3414 καὶ
589 3346 673 3440 γένει
708 3369 797 3442 unm·
850 3337 885 3415 iri
919 3345 1067 3439 familia·
1096 3345 1259 3435 nubilatus,

126 3483 294 3552 τεόσαντα
320 3483 451 3552 πάντων
478 3491 545 3552 τῶν
571 3479 641 3552 καθ’
672 3483 776 3552 αὑτόν.
853 3469 1104 3580 magnaeanum
1134 3472 1161 3524 J

233 3620 459 3703 Plutarchus,
487 3621 526 3690 ut
553 3625 608 3690 est
622 3625 765 3690 matura
784 3620 981 3711 loquacior,
1008 3621 1100 3690 hauc
1125 3607 1198 3690 rem
1222 3625 1261 3690 a

116 3779 188 3848 per
220 3756 448 3845 negationem
475 3761 511 3826 et
536 3777 600 3846 per
626 3757 836 3847 positionem
864 3757 1040 3847 exprimit.
1086 3769 1088 3776 ⁴

120 3917 158 3968 V.
191 3894 293 3964 4-5
321 3892 417 3962 πέντε
445 3892 690 3990 αὐτοκρατόρων
716 3895 797 3988 tine·
851 3915 880 3965 c.
898 3895 956 3978 49,
973 3897 994 3964 8
1013 3898 1259 3987 quinquenniu-

127 4033 255 4122 μανίαις
282 4025 491 4126 ἐμβιώσαντα
517 4030 601 4122 μετὰ
626 4035 720 4124 τιμῆς
746 4031 798 4099 καὶ
849 4037 934 4124 rohes
947 4051 1108 4123 prospere
1124 4029 1258 4122 fortuna

130 4163 235 4266 δόξης.
849 4189 1003 4239 emensus,
