3018 4796
161 315 205 383 G.
236 313 293 393 21,
319 325 412 382 8—15.
1229 313 1276 383 25

162 516 326 606 exprimit
357 514 487 588 vorbis.
516 556 567 566 —
592 515 715 602 Pergit
742 535 775 587 v.
806 516 931 586 8-10
959 515 1049 586 δοκεῖ
1071 515 1108 586 δὲ
1135 514 1208 612 μηδ’
1239 516 1277 586 ἂν

160 653 213 723 ἐπί
245 658 311 728 τοῖς
338 650 426 727 ἰδίοις
453 652 599 746 χρήμασι
626 651 722 743 μόνον
750 646 834 748 (hoo
866 649 1070 750 obscurum)
1084 648 1110 751 ¹)
1146 651 1278 723 ἑλέσθαι
1323 660 1325 664 ’

158 791 212 860 τδν
240 781 381 862 Ὄθωνα
413 788 612 884 κληρονόμον
624 781 667 885 ²),
703 787 881 858 ἀκόλαστον
909 789 1005 865 εἰδὼς
1030 791 1083 859 καί
1109 789 1277 886 πολυτελῆ

158 928 211 998 καὶ
238 925 502 1020 πεντακισχιλίων
530 923 698 1023 μυριάδων
727 924 893 1021 ὀφλήμασι
920 925 1189 1025 βεβαπτισμένον.
1236 931 1279 1000 In

161 1065 366 1138 universum
380 1063 565 1152 remordet
582 1062 616 1132 h.
633 1063 661 1144 Ι,
679 1063 737 1145 rt,
757 1065 778 1132 1
796 1085 846 1154 sq.
867 1069 997 1134 intereo
1021 1052 1172 1136 Othonem
1194 1121 1201 1136 .
1232 1121 1239 1138 .
1270 1121 1277 1138 .

163 1201 265 1270 multo
319 1199 417 1269 semol
466 1197 742 1282 eonsummatos,
804 1201 939 1270 lacuaria
991 1205 1086 1272 etium
1137 1208 1282 1294 ριίιιιίρί

158 1357 309 1419 oneroso,
362 1341 473 1428 τάορίο
518 1341 574 1404 azir
612 1339 742 1427 ρι’ίοαίο
786 1337 964 1408 tolerando.
1050 1339 1118 1408 Sed
1166 1345 1278 1429 neque

159 1475 252 1562 quod
277 1472 390 1560 primo
418 1472 495 1542 looo
522 1471 672 1560 legimus
699 1475 802 1561 apud¹
821 1474 983 1545 Tacitum
1012 1483 1139 1558 exstat,
1166 1497 1279 1566 neque

157 1610 218 1680 hio
250 1629 400 1698 usquam
435 1607 622 1697 significat,
651 1615 784 1698 quanta
811 1612 904 1680 aeris
932 1611 1039 1682 alieni
1067 1613 1158 1683 mole
1186 1613 1277 1684 Otho
1334 1581 1336 1586 Ι

162 1765 348 1834 oppressus
379 1744 496 1816 iuuerit.
559 1747 653 1816 Illud
689 1767 771 1817 voro
798 1767 923 1836 parum
953 1749 1137 1838 probabile
1164 1756 1218 1821 ost
1244 1756 1280 1820 ot

160 1904 182 1953 a
200 1883 391 1954 Plutarcho
410 1884 581 1954 insertum
599 1883 750 1966 videtur,
778 1890 818 1955 ut
842 1886 960 1975 aliquo
979 1888 1080 1956 modo
1107 1886 1279 1958 famosam

157 2019 250 2091 aeris
269 2019 378 2090 alieni
406 2041 577 2090 summam
603 2020 794 2100 iuferoirot,
823 2040 926 2110 quam
955 2021 1096 2093 aliunde
1124 2044 1278 2113 comper-

155 2163 230 2228 tam
264 2157 430 2228 habebat.
495 2158 584 2228 llius
619 2158 712 2228 modi
747 2157 922 2228 ‘formulas
962 2159 1134 2230 transitus
1170 2181 1278 2232 causa

158 2294 312 2364 insertas
339 2294 480 2382 saepius
507 2295 736 2368 inveniemus
774 2295 957 2367 Postremo
985 2298 1154 2386 seriptum
1172 2299 1279 2370 habe-

164 2449 240 2498 mus
281 2431 372 2518 apud
405 2432 636 2502 Plutarchum
670 2454 703 2507 ν.
747 2433 891 2502 11-15
929 2430 1005 2502 ὅθεν
1043 2433 1185 2511 ἀκούσας
1221 2441 1277 2504 τοῦ
1347 2523 1350 2530 ¹

165 2558 292 2636 Οὐινίου
324 2573 434 2662 σιωπῇ
464 2567 517 2636 καί
546 2563 663 2663 πρᾴως
697 2568 876 2663 ὑπερέθετο
906 2569 966 2664 τὴν
992 2566 1152 2641 διάθεσιν
1197 2571 1277 2641 ἀπο-

155 2699 267 2779 δείξας
293 2699 318 2770 δ’
347 2703 442 2774 αὑτὸν
462 2702 583 2774 ὕπατον
610 2704 662 2772 καὶ
688 2707 889 2801 συνάρχοντα
915 2706 968 2776 τδν
988 2699 1114 2778 Οὐίνιον
1135 2706 1279 2787 ἐπίδοξος

155 2839 198 2933 ἦν
217 2837 312 2915 ἔτους
330 2839 423 2936 ἀρχῇ
435 2839 489 2909 τδν
505 2839 656 2934 διάδοχον
676 2841 912 2937 ἀναγορεύσειν.
930 2843 981 2911 καί
998 2843 1033 2913 τδ
1054 2847 1277 2939 στρατιωτικὸν
1331 2843 1339 2858 “

159 2974 267 3069 ἡδέως
296 2977 365 3070 εἶχε
389 2977 443 3046 τδν
462 2971 601 3048 Ὄθωνα
624 2975 698 3074 παρ’
725 2981 864 3048 ὁντινοῦν
890 2979 989 3050 ἄλλον
1012 2979 1279 3078 ἀναγορευθῆναι.

159 3112 259 3182 Haeo
290 3135 359 3189 uon
395 3113 574 3184 fluxorunt
609 3136 652 3185 ex
680 3117 816 3199 Tacito,
854 3117 914 3206 qui
951 3119 1112 3189 ordiatur
1147 3142 1169 3190 a
1204 3121 1276 3191 kal.

159 3249 183 3320 J
185 3269 241 3319 an.
261 3251 345 3320 anni
363 3273 396 3338 p.
414 3251 475 3322 Ch.
496 3252 542 3320 69
560 3260 595 3322 et
612 3273 667 3322 ros
682 3222 893 3340 praeteritas
911 3256 1118 3328 brevissimo
1136 3262 1276 3328 tractat.

160 3386 285 3475 ltaque
320 3388 492 3476 quaedam
529 3389 642 3459 obiter
677 3389 865 3477 siguificat.
934 3393 1167 3481 Adoptionom
1207 3395 1278 3464 iam

156 3523 316 3612 proximo
349 3544 440 3593 anno
482 3525 517 3594 iu
559 3527 713 3595 omnium
753 3548 813 3597 oro
853 3527 963 3598 fuisso
1004 3551 1033 3600 ο.
1071 3531 1129 3612 12,
1163 3531 1184 3600 5
1225 3553 1276 3621 sq.

154 3663 333 3730 maturarit
375 3681 413 3728 eu
454 3682 505 3731 res
557 3663 723 3732 eonsilium
782 3663 920 3754 uoltum
965 3671 1029 3734 tom
1069 3666 1197 3758 pridem
1240 3669 1278 3738 de

255 3887 280 3953 1)
316 3885 571 3941 Mendolssohn
593 3905 666 3943 vooe
696 3881 778 3962 μόνον
797 3889 895 3946 deleta
913 3891 1043 3946 scribare
1056 3891 1122 3946 vult
1134 3888 1278 3970 χρήμασιν

148 3963 278 4038 illotus,
301 3970 343 4025 ita
364 3976 399 4024 ut
417 3964 500 4046 μόνον
519 3989 556 4026 ex
573 3972 672 4028 littera
691 3992 703 4027 ν
722 3979 819 4028 ortum
844 3977 891 4030 sit.

254 4065 283 4132 2)
321 4065 450 4126 Glason
471 4084 498 4137 p.
516 4067 550 4120 29
565 4068 644 4122 male
662 4067 776 4122 confort
791 4071 859 4124 Tac.
878 4089 900 4125 ο.
919 4058 958 4139 13,
979 4071 1080 4124 10-11
1103 4074 1173 4123 credo
1195 4085 1218 4124 et
1241 4076 1278 4124 rei

152 4151 262 4213 publicae
281 4170 361 4201 caram
379 4153 471 4203 subisse
480 4155 585 4218 frustra
600 4175 616 4204 a
629 4155 722 4204 Nerone
742 4157 883 4216 translatae,
903 4159 926 4206 si
942 4158 1009 4222 apud
1030 4157 1139 4209 Othonem
1158 4161 1274 4224 relinque-

155 4245 225 4290 retur.
263 4235 322 4302 Qui
340 4237 422 4292 locus
441 4255 459 4292 a
476 4238 635 4294 Plutarcho
654 4239 768 4294 alienus
788 4247 839 4294 ost.
