3018 4796
1258 291 1301 362 13

192 529 229 579 re
255 503 429 596 disputari
456 508 614 594 possunt,
640 501 778 590 prolata
797 499 867 572 iam
886 499 967 582 sint,
986 517 1098 588 neque
1115 495 1309 570 novissima

189 649 384 716 commenta
362 643 480 714 atione
499 635 529 738 ¹)
576 641 677 710 dat
662 637 878 728 temporibus
919 635 1074 708 vitarum
1116 635 1308 706 Caesarum

189 782 375 872 quicquam
417 779 508 850 certi
546 775 737 857 afficiatur,
777 771 929 844 sufficiet
914 774 1086 861 ttlagen
1087 792 1141 842 em
1181 773 1227 841 ad
1266 792 1309 842 ea

190 920 375 1008 delegare,
417 935 506 1005 quae
542 914 737 984 Mommsen
778 916 813 981 et
851 910 974 999 Lange
986 905 1018 1006 2)
1058 909 1308 993 disseruerunt,

192 1055 292 1126 Certi
305 1054 397 1124 enim
414 1051 546 1140 aliquid
572 1054 645 1120 stat
629 1050 682 1120 tui
699 1047 837 1138 nequit;
864 1047 931 1118 hoc
950 1052 1100 1130 constat,
1119 1045 1309 1135 scriptores

196 1192 312 1261 eodem
330 1190 400 1260 fare
418 1194 574 1276 tempora
601 1187 711 1257 libros
738 1204 819 1256 suos
838 1184 1074 1273 composuisse
1087 1177 1129 1280 ³.)
1175 1183 1309 1268 Quare

192 1327 258 1397 hoo
289 1326 352 1396 mit
353 1335 468 1396 tamus
502 1332 557 1407 at,
590 1322 755 1412 quoniam
787 1322 1017 1392 Plutarchum
1047 1341 1111 1411 per
1141 1319 1309 1410 temporis

190 1461 344 1533 rationes
388 1461 517 1533 Tacito
561 1459 615 1531 uti
657 1453 838 1548 potuissa'
860 1478 961 1528 nemo
1002 1463 1056 1528 ast
1095 1457 1156 1548 qui
1194 1464 1309 1547 neget,

191 1621 214 1670 a
239 1599 434 1670 Plutarcho
465 1597 728 1687 proficiscamur
763 1601 798 1666 at
830 1615 1110 1686 unamquamque
1149 1595 1309 1666 enuntia-

195 1734 324 1805 tionem
358 1754 468 1805 nonna
502 1756 525 1804 a
560 1733 687 1804 Tacito
727 1753 862 1804 sumere
897 1733 1053 1821 potuerit
1088 1723 1313 1822 quaeramus.¹

194 1873 318 1959 Atque,
351 1871 380 1940 si
407 1870 481 1942 fere
508 1870 625 1942 omnia
660 1890 761 1959 posse
797 1891 819 1940 a
855 1869 980 1940 Tacito
1012 1876 1091 1941 orta
1122 1889 1198 1940 esse
1232 1889 1317 1958 rap.

188 2007 382 2096 pererimns
422 2013 457 2077 et
498 2008 595 2078 locos
630 1987 869 2096 discrepantes
905 2013 1071 2077 accurate
1116 2006 1308 2095 inspexeri-

187 2163 276 2226 mus,
296 2144 445 2233 quilibet
464 2150 589 2215 cautus
608 2142 757 2214 fontium
780 2143 1015 2232 investigator
1033 2145 1207 2226 concedet,
1227 2144 1308 2216 dum

188 2282 291 2351 albus
319 2281 419 2351 color
445 2281 547 2352 albus
574 2285 609 2351 et
634 2280 736 2370 niger
761 2281 864 2370 niger
890 2281 947 2366 sit,
974 2281 1051 2354 veri
1079 2282 1193 2352 simile
1220 2301 1305 2365 esse,

191 2417 422 2490 Plutarchum
440 2417 618 2506 inprimis
637 2418 762 2488 saltem
788 2418 946 2489 fontibus
973 2419 1176 2490 adhibuisse
1195 2418 1309 2508 ipsum

195 2553 372 2643 Tacitum,
400 2574 512 2645 neque
537 2555 627 2642 legis
646 2555 829 2626 cuiusdam
851 2575 960 2626 causa
980 2555 1193 2644 repugnabit
1211 2563 1246 2626 et
1263 2557 1310 2627 ad

188 2689 334 2762 inutiles
361 2692 582 2763 coniecturas
609 2690 800 2780 confugiet.

290 2829 422 2918 Incipit
436 2829 583 2900 Tacitus
602 2829 799 2900 akalendis
813 2829 837 2901 J
839 2829 998 2900 anuariis
1017 2830 1101 2900 anni
1118 2851 1153 2920 p.
1169 2830 1231 2902 Oh.
1249 2831 1307 2914 69,

192 2965 316 3053 quibus
336 2967 453 3038 Galba
479 2972 514 3038 et
533 2966 659 3037 Vinius
686 2967 905 3038 consulatum
933 2966 1081 3038 inibant.
1111 2987 1160 3038 cc.
1183 2970 1306 3038 1-11

393 3153 496 3164 *-

293 3254 318 3321 1)
354 3253 383 3309 Ο.
402 3252 454 3308 rh
477 3251 699 3308 Michaelis
730 3252 784 3324 „da
812 3252 914 3345 ordina
945 3252 1073 3308 vitarum
1103 3251 1308 3323 parallelorum

194 3334 353 3393 Plutarchi“
371 3339 441 3394 diss.
458 3337 589 3392 Barolini
607 3339 680 3393 1875

293 3440 319 3506 1)
352 3441 544 3496 Mommsen
560 3457 587 3511 p
605 3441 658 3494 298
676 3458 717 3512 sq
735 3442 858 3512 Lange
876 3460 903 3514 p.
921 3443 937 3497 1
955 3460 996 3513 sq.

296 3541 323 3606 3)
354 3543 454 3615 Neque
480 3543 698 3597 Mommsen
728 3543 864 3613 ostendit,
895 3544 1087 3599 Plutarchum
1117 3544 1177 3600 iam
1208 3529 1315 3600 Domi-¹

189 3624 267 3680 tiani
291 3631 388 3682 aetate
411 3629 429 3686 i.
459 3647 482 3685 a.
506 3634 574 3683 anta
601 3629 697 3684 Taciti
722 3629 862 3684 historias
890 3629 1050 3685 Caesarum
1067 3631 1145 3686 vitas
1163 3630 1309 3702 conscrip-

188 3707 266 3766 sisse
297 3743 332 3750 -
361 3730 428 3768 nam
461 3714 539 3786 quod
572 3714 648 3786 petit
683 3721 891 3787 argumentum
926 3733 942 3771 a
973 3715 1108 3788 catalogo
1138 3715 1307 3786 Lampriaa,

185 3794 300 3854 nullius
332 3803 379 3853 est
409 3801 560 3871 momenti;
592 3801 661 3868 inde
694 3800 772 3871 quod
803 3799 973 3858 Flauiorum
998 3801 1079 3859 vitae
1107 3820 1124 3856 a
1150 3801 1309 3858 Plutarcho

184 3884 413 3951 praetermissas
430 3888 576 3955 videntur,
595 3886 669 3940 nihil
686 3891 785 3958 potest
803 3886 919 3958 conligi,
939 3906 1006 3948 eum
1024 3889 1128 3943 eodem
1140 3887 1204 3942 iura
1217 3888 1309 3942 statui

185 3964 287 4038 liceat,
306 3969 466 4027 Caesarum
482 3972 559 4026 vitas
581 3978 649 4044 post
665 3971 743 4026 vitas
764 3973 921 4042 parallelas
944 3973 1123 4045 conscriptas
1146 3978 1177 4028 at
1198 3973 1310 4029 Vitellii

185 4051 278 4109 vitam
308 4056 445 4114 ultimam
477 4075 607 4114 esse-
615 4075 748 4129 ‚nequa
779 4059 916 4130 Lange
949 4058 1044 4115 Taciti
1070 4059 1210 4114 historias
1239 4065 1308 4115 anta

189 4133 379 4200 Plutarchum
403 4145 498 4200 editas
521 4161 587 4200 esse
615 4145 821 4216 comprobavit.
846 4147 873 4198 ei
893 4147 1014 4217 Haupt
1035 4144 1104 4217 phil
1127 4145 1309 4202 Rundsahau

192 4221 254 4280 1881
272 4225 344 4284 iaso.
361 4231 442 4302 aop.
460 4233 517 4286 954.
575 4233 577 4240 '
