2982 4794
123 327 164 399 0.
195 328 254 410 ιο,
283 326 355 402 ἰ-ο,
1168 319 1239 411 145

226 533 310 624 Oap.
338 533 414 603 XII
439 535 552 604 totum
581 549 624 602 ex
650 530 776 603 Tacito
805 537 1008 622 excerptum
1034 533 1186 628 ¹videtur.

121 691 156 744 v.
184 671 285 741 1-9
320 668 470 762 ἐμπίπτει
503 667 540 738 δέ
570 674 635 746 τοῖς
687 669 835 742 Tacitus
869 690 898 742 ο.
917 671 974 740 ’41
1009 671 1247 760 perturbatio-

121 806 393 905 προτεταγμένοις
406 814 472 876 τῶν
483 799 634 882 Ὄθωνος
685 827 765 877 nem
801 806 1079 880 Othonianorum
1118 788 1247 880 desmi-

122 944 159 1014 ἐιι
175 943 228 1044 Ιδή
255 967 340 1019 τινος
366 944 468 1021 αἰτίας
485 943 562 1023 δόξα
580 944 634 1012 καὶ
686 944 750 1015 bit.
788 943 914 1035 Pergit
932 965 961 1016 e.
978 946 1038 1028 42,
1061 949 1146 1035 leq.
1165 949 1248 1016 otio·

121 1082 226 1177 λόγος,
255 1085 303 1156 ὡς
337 1047 634 1180 μεταβαλουμένων
686 1084 773 1152 nitos
815 1079 921 1152 enbito
964 1084 1086 1153 torono
1128 1085 1249 1154 mentes

120 1226 188 1290 τῶν
220 1211 410 1288 Οὐιτελλίου
442 1225 633 1315 στρατηγῶν
683 1218 806 1315 solenne
837 1215 1000 1314 gondinoe
1034 1223 1069 1288 in
1105 1218 1248 1316 longeio·

122 1356 214 1454 πρὸςΙ
230 1353 356 1431 αὐτούς.
395 1359 443 1432 ὡς
459 1353 521 1426 ,οὖν
540 1353 635 1449 ἐγγὺς
686 1377 754 1428 nnn
794 1359 903 1445 veniit,
937 1358 1075 1450 repertis
1092 1363 1165 1453 oni
1193 1358 1249 1430 do-

121 1494 216 1590 ἧσαν,
236 1492 429 1588 ἠσπάσαντο
448 1490 562 1587 φιλίως
579 1518 635 1562 συ-
687 1498 817 1580 anonae
850 1516 871 1563 o
894 1491 1035 1565 neon
1073 1498 1249 1568 oenoiinnn

125 1632 322 1727 στρατιώτας
347 1629 634 1726 προσαγορεύσαι·
687 1633 928 1706 annonantur.
956 1635 1115 1704 mennon·
1132 1632 1174 1704 ob
1191 1653 1250 1704 oe·

128 1791 191 1842 τες.
242 1765 368 1836 ἐκείνων
397 1765 434 1837 δὲ
457 1767 517 1862 τὴν
534 1791 634 1864 προσ·
683 1766 906 1862 plnoooioribne
957 1767 1075 1841 Vitellii
1122 1771 1249 1865 dispor-

130 1905 294 2000 αγόρευσιν
310 1904 366 1975 οὐκ
381 1903 537 1997 εὐμενῶς,
551 1903 635 1977 ἀλλὰ
687 1926 754 1996 sne,
781 1927 825 1975 on
850 1910 977 1998 inipso
999 1903 1131 1978 Othonis
1152 1912 1251 2001 porto
1274 1875 1277 1882 ,

125 2041 207 2134 μετὰ
233 2039 340 2134 θυμοῦ
367 2041 419 2112 καὶ
445 2047 559 2137 φωνῆς
576 2067 634 2111 πο·
686 2063 744 2114 toto
770 2040 843 2112 dolo
869 2061 925 2112 eon
947 2044 1033 2138 sorio
1057 2048 1249 2130 moorooorii

122 2177 256 2275 λεμικῆς
292 2179 532 2276 ἀμειψαμένων,
568 2185 641 2281 τοῖς
684 2201 804 2272 portion
856 2183 1062 2273 comperiam.
1126 2180 1250 2253 Omitto

122 2315 181 2410 μὲν
222 2315 464 2409 ἀσπασαμένοις
498 2314 633 2409 ἀθυμία,
683 2337 820 2414 pngnoo
833 2317 950 2389 oodoro
971 2315 1147 2390 Othoniani
1163 2319 1250 2391 nitro

120 2461 188 2532 τοῖς
205 2453 242 2524 δὲ
260 2454 382 2531 λοιποῖς
400 2454 534 2524 ὑπόνοια
554 2453 635 2524 κατὰ
686 2454 888 2542 solniooooo3
930 2459 963 2526 oi
1004 2453 1117 2527 onnon·
1158 2478 1250 2527 otoo·

121 2599 188 2662 τῶν
216 2591 457 2684 ἀσπασαμένων
485 2594 532 2667 ὡς
555 2615 634 2688 προ·
686 2612 778 2663 oenoe
810 2597 952 2686 oenopii,
983 2593 1149 2690 plerisque
1174 2615 1251 2666 eno-

122 2729 277 2800 διδόντων
289 2730 449 2827 παρέστη.
474 2729 527 2800 καί
540 2733 634 2799 τοῦτο
687 2751 760 2800 rom
791 2735 923 2827 ignooie
956 2707 1039 2826 qnae
1069 2753 1169 2803 tonso
1195 2755 1251 2802 eo·

121 2869 251 2965 πρῶτον
265 2837 553 2965 αὐτοὺςέπάραὲεν
566 2864 634 2962 ἤδη
687 2866 835 2959 lniondn',
887 2871 1006 2941 moion
1053 2869 1251 2962 proditionis

120 3006 188 3075 τῶν
232 3003 400 3095 πολεμίων
447 3004 480 3073 έν
524 3003 634 3101 χερσὶν
682 3004 798 3098 sonoro.
832 3007 899 3076 inno
933 3003 1079 3078 inonbnii
1110 3005 1250 3076 noeiinon

122 3140 233 3210 ὄντων.
686 3148 772 3214 ooioe
798 3194 806 3214 .
838 3196 845 3212 .
875 3189 885 3212 .

219 3275 370 3349 Omittit
379 3276 596 3349 Plutarchus
611 3298 701 3368 qnae
716 3278 864 3351 'Facitne
882 3280 925 3350 de
944 3279 1082 3370 origine
1096 3280 1249 3352 rumoris

122 3417 247 3488 fatalis
269 3415 418 3499 ¹refert,
463 3415 526 3487 sed
561 3415 599 3486 in
642 3415 738 3488 fonte
780 3416 915 3509 aliquid
950 3416 1103 3489 relatum
1139 3417 1252 3488 fuisse

124 3554 244 3626 verbis
271 3551 307 3622 ἐκ
333 3552 374 3650 δή
401 3577 485 3629 τινος
504 3551 607 3630 αἰτίας
624 3553 769 3626 indicat.
816 3555 950 3627 Contra
976 3555 1088 3626 omnis
1112 3555 1252 3645 generis

126 3687 376 3762 additamentis
407 3691 647 3764 narrationem
680 3691 886 3782 amplificat.
941 3692 1050 3764 Velut
1075 3692 1112 3763 in
1137 3693 1252 3782 primo

124 3827 465 3919 agminernmorem
485 3846 657 3914 manasse,
686 3836 721 3901 et
740 3830 993 3902 salutationem
1013 3829 1145 3902 iactam
1164 3851 1252 3916 esse,

122 3987 201 4040 eum
229 3967 266 4038 in
298 3965 494 4058 propinquo
530 3973 664 4052 essent,
698 3967 826 4058 tradit3
859 3963 974 4038 oosoo
998 3965 1165 4040 nnnnnoo
1190 3990 1253 4060 per

123 4108 290 4196 ambages
317 4104 444 4194 vertit;
477 4110 518 4218 ut
545 4111 599 4177 est
628 4125 752 4176 amans
774 4105 949 4177 formulae
975 4101 1004 4179 οἱ
1031 4102 1173 4197 μὲν-οἱ
1204 4105 1253 4176 δέ,

125 4243 187 4320 ubi
202 4244 420 4320 Othonianos
442 4242 651 4338 pettenritoa
669 4261 746 4318 esse
765 4242 862 4332 dicit,
882 4263 942 4318 eos
961 4242 997 4316 in
1016 4245 1105 4320 duas
1125 4244 1256 4322 dividit

1052 4378 1084 4436 te
