2982 4794
234 310 307 401 lso
1086 332 1127 403 o.
1159 333 1215 415 12,
1243 347 1352 408 a-a.

231 535 394 620 duceret,
437 557 526 627 quae
563 537 730 628 impetum
767 538 1003 628 gladiatorum
1039 541 1255 630 reciperent,
1291 539 1352 610 sed

231 693 321 763 quae
361 674 483 764 fugam
523 697 644 747 eorum
677 677 887 767 impedirent
898 671 937 774 ¹).
993 677 1142 768 Singula
1180 677 1255 767 ipse
1292 697 1350 748 ex-

230 818 335 883 ornat
353 815 469 903 atque,
488 818 529 885 ut
549 834 656 905 supra
683 833 808 886 nomen
834 814 985 904 legionis
1012 814 1178 905 explicat,
1206 815 1258 886 ita
1284 814 1351 886 hoc

227 949 305 1021 loco
319 971 435 1040 pauca
449 951 492 1022 de
506 931 656 1025 Batavis
670 951 837 1024 videlicet
850 973 887 1024 se
902 973 964 1022 suo
980 953 1089 1026 addit.
1123 953 1245 1043 Neque
1259 951 1351 1023 enim

227 1086 265 1157 iu
279 1088 352 1159 ullo
366 1087 463 1159 fonte
472 1089 632 1160 Romano
647 1073 723 1161 eius
741 1090 834 1161 modi
853 1090 1130 1162 additamentum
1149 1090 1259 1162 fuisse
1278 1109 1351 1163 cre-

145 1309 151 1332 *
228 1224 349 1297 dibile:
369 1224 501 1299 Batavi
516 1227 607 1297 enim
621 1228 792 1299 Romanis
809 1247 879 1299 uon
898 1221 1181 1325 e1·antignoti²).
1211 1229 1351 1312 Quanta

229 1382 313 1434 vero
332 1364 556 1454 neglegentia
575 1364 790 1438 Plutarchus
808 1365 981 1455 proelium
999 1369 1177 1450 memoret,
1196 1366 1254 1439 vel
1273 1365 1352 1438 inde

228 1499 396 1585 comitur,
413 1503 504 1591 quod
519 1503 679 1575 Batavos
697 1503 824 1575 ceteris
838 1504 1042 1576 Vitellianis
1061 1503 1195 1576 auxilio
1213 1504 1352 1577 venisse

228 1639 333 1728 plane
360 1639 501 1723 reticet,
531 1659 703 1730 quaeres
731 1645 785 1712 est
812 1640 964 1712 omnium
993 1641 1218 1732 gravissima.

295 1853 298 1865 ,
331 1778 373 1847 In
412 1776 549 1867 reliqua
584 1777 712 1868 capitis
743 1784 846 1869 parte
880 1780 948 1850 duo
982 1799 1118 1850 errores
1151 1783 1350 1852 occurrunt.

230 1935 263 1986 v.
294 1913 444 1986 34-37
472 1913 622 2010 αἴσχιστα
655 1911 691 1984 δὲ
726 1915 929 2012 ἠγωνίσαντο
956 1915 1088 1986 πάντων
1122 1912 1150 1986 oi
1185 1941 1350 2014 στρατηγι-

227 2052 288 2136 κοί,
319 2049 406 2148 μηδὲ
442 2051 517 2122 ὅσον
548 2050 582 2120 ἐν
615 2053 710 2149 χερσί
741 2050 894 2146 γενέσθαι
923 2053 999 2131 τοὺς
1029 2053 1195 2132 ἐναντίους
1221 2053 1353 2148 ὑπομεί-

228 2212 350 2277 ναντες,
380 2187 464 2258 ἀλλὰ
492 2188 543 2257 καὶ
578 2189 652 2265 τοὺς
687 2187 871 2286 ἀηττήτους
905 2188 951 2260 ἔτι
986 2189 1090 2286 φόβον
1127 2191 1180 2262 καί
1205 2197 1355 2289 ταραχῆς

230 2324 477 2418 ἀνεπίμπλασαν
504 2326 677 2421 φεύγοντες
704 2323 738 2396 δι’
769 2327 886 2397 αὐτῶν.
939 2330 1043 2419 Apud
1072 2328 1237 2402 Tacitum
1263 2329 1354 2402 nihil

233 2463 346 2535 simile
387 2463 583 2547 invenitur,
620 2485 662 2536 ac
696 2465 772 2536 iure
805 2466 943 2536 Krauss
976 2487 1010 2556 p.
1040 2469 1089 2537 14
1121 2472 1157 2538 et
1190 2469 1355 2539 Gersten·

231 2592 338 2674 acher
364 2623 397 2693 p.
429 2601 475 2674 37
504 2601 736 2674 Plutarchum
770 2603 988 2693 impugnant.
1042 2605 1163 2694 Neque
1192 2603 1295 2688 enim,
1324 2605 1354 2676 si

230 2759 348 2812 omnes
382 2739 603 2830 praetoriani
639 2739 762 2811 statim
797 2740 920 2830 fugam
961 2745 1137 2829 ceperunt,
1177 2738 1350 2827 proelium

230 2883 304 2948 tam
338 2882 443 2949 atrox
469 2875 601 2949 exoriri
627 2876 757 2966 potuit,
793 2897 905 2967 neque
937 2875 1100 2956 Tacitus
1134 2873 1195 2964 qui
1221 2873 1352 2967 ubique

232 3013 488 3086 immodestiam
515 3034 635 3086 eorum
663 3015 834 3102 castigat,
854 3012 899 3120 si
930 3010 1013 3101 quid
1047 3007 1263 3102 compertum
1289 3012 1352 3084 ha-

435 3167 535 3176 ...a—..0-

334 3234 360 3300 1)
394 3231 482 3286 Hunc
512 3248 640 3286 errorem
669 3227 820 3284 Plutarchi
855 3227 979 3284 arbitror
1011 3244 1067 3282 nec
1104 3229 1256 3284 consentio
1286 3243 1353 3285 cum

232 3317 420 3386 Kraussio,
439 3316 490 3388 qui
510 3334 538 3388 p.
559 3318 576 3371 5
596 3315 788 3371 Plutarchum
810 3313 908 3368 verbis
931 3313 1060 3368 Tacitsis
1082 3331 1142 3368 non
1166 3320 1247 3370 recte
1267 3315 1353 3371 intel-

231 3405 317 3461 lectis
342 3403 501 3459 credidisse
526 3402 705 3474 suspicatur,
727 3399 907 3470 gladiatores
931 3417 997 3455 curu
1016 3417 1125 3470 magno
1147 3401 1279 3456 exercitu
1297 3402 1353 3456 Be-

232 3491 330 3546 driaco
347 3493 496 3562 protectos
513 3505 640 3563 magnae
658 3503 776 3558 pugnae
794 3486 979 3558 interfuisse;
999 3491 1029 3540 at
1046 3486 1090 3540 illi
1107 3486 1138 3540 in
1157 3484 1262 3541 dextra
1278 3487 1355 3546 Padi

229 3579 295 3649 ripa
321 3574 466 3632 conlocati
489 3581 573 3629 erant
599 3574 636 3641 (h.
659 3573 684 3642 2,
708 3574 753 3642 11;
775 3573 822 3643 233
846 3574 898 3640 35).
939 3572 997 3628 Sed
1015 3572 1190 3627 Plutarchus
1214 3590 1281 3628 cum
1300 3591 1353 3628 eos

230 3681 289 3719 non
307 3662 483 3718 Bedriacum
502 3660 555 3716 sed
577 3659 615 3714 ad
632 3657 744 3714 flumen
761 3658 875 3731 fugisse
893 3665 1050 3726 memoret,
1070 3656 1197 3714 dilucide
1215 3659 1272 3714 hoc
1290 3677 1353 3716 cer·

230 3755 326 3804 tammr
345 3767 363 3802 a
379 3764 489 3818 magna
506 3763 606 3818 pugna
624 3745 772 3800 discernit.

329 3835 356 3900 ί)
392 3834 530 3888 Ceterum
554 3831 631 3902 quod
655 3832 769 3906 equites
791 3832 885 3886 fuisse
908 3831 1040 3885 Batavos
1060 3830 1200 3902 explicat,
1218 3831 1354 3886 Nissen
1464 3826 1468 3855 ³

229 3939 255 3992 p.
280 3920 331 3974 505
353 3923 450 3992 (quem
468 3919 565 3989 Lange
583 3935 610 3989 p.
628 3918 662 3972 24
681 3918 745 3972 edu.
764 3919 798 3972 49
819 3916 962 3988 sequitur)
982 3915 1110 3984 adnotat,
1131 3933 1198 3971 eum
1210 3917 1267 3973 hoc
1280 3935 1353 3988 quo-

229 4023 286 4077 que
303 4006 368 4061 loco
392 4005 467 4060 lalso
491 4003 604 4075 equites
627 4003 812 4076 intellegere,
835 4021 894 4057 non
919 4001 1042 4074 pedites.
1078 4003 1144 4057 Hoc
1162 4002 1227 4057 fieri
1245 4009 1355 4074 potest,

232 4091 285 4146 sed
302 4095 383 4146 recte
402 4090 668 4146 Gersteneoker
684 4107 712 4161 p.
730 4092 764 4144 71
784 4089 848 4143 adn.
868 4089 902 4142 78
921 4093 1035 4154 monet,
1057 4087 1165 4142 iniuria
1182 4087 1357 4144 Nissenium

231 4193 341 4247 negare
358 4177 489 4232 Batavos
511 4176 603 4232 fluisse
627 4175 741 4248 equites
763 4175 865 4230 bonos.
900 4173 946 4228 Ex
965 4174 1061 4228 Germ.
1082 4191 1104 4228 c.
1123 4174 1158 4227 32
1180 4173 1254 4228 nihil
1274 4175 1355 4230 ellici

236 4267 342 4346 potest,
356 4268 458 4316 contra
470 4262 498 4322 h.
507 4264 531 4334 4,
546 4264 578 4329 12
589 4264 768 4321 Batavorum
782 4259 929 4332 equitatus
942 4259 1065 4320 summis
1077 4258 1212 4315 laudibus
1225 4259 1358 4323 effamur.
