3018 4796
112 317 154 386 G.
183 315 243 395 22,
273 329 383 386 rc-aa.

113 518 287 609 pertinere
314 535 378 605 per
405 533 442 583 se
470 512 676 602 apparebat.
730 511 820 582 Item
847 515 1119 580 consentaneum
1146 513 1234 590 erat',

113 653 352 728 Hordeonium
384 672 406 721 a
440 649 613 720 militibus
646 647 702 718 ius
729 647 915 718 iurandum
942 647 1113 734 exegisse.
1156 647 1234 716 Hoc
1373 665 1376 671 ·

110 791 325 863 Plutarchus
352 792 449 858 recte
476 785 665 874 perspexit.
720 785 770 855 Ut
795 805 879 856 vero
907 784 1109 866 minutiora,
1145 803 1235 873 quae

112 929 262 1000 Tacitus
303 926 428 1006 adfert,
469 921 644 1011 neglegit,
685 921 736 992 ita
771 921 843 992 alia
875 921 1036 1009 pluribus
1068 921 1237 992 describit

113 1064 246 1138 verbis.
287 1063 405 1152 Neque
432 1061 524 1130 enim
544 1057 716 1146 imagines
744 1057 950 1146 simpliciter
977 1057 1148 1146 diruptas
1174 1059 1236 1128 sed

119 1201 261 1290 nequid
287 1196 566 1288 praetermisisse
585 1194 758 1278 videatur,
786 1200 821 1264 et
848 1201 986 1266 statuas
1011 1195 1235 1285 imperatoris
1355 1279 1363 1306 Ι

117 1343 152 1410 et
184 1337 357 1426 imagines
397 1334 508 1424 signis
547 1331 683 1402 adfixas
724 1338 980 1413 commemorat,
1015 1338 1122 1422 atque
1155 1333 1236 1404 illas

115 1495 273 1556 eversas,
307 1473 375 1542 has
408 1473 567 1560 dereptas
600 1489 676 1539 esse
712 1468 883 1539 enuntiat.
936 1471 1034 1540 Idem
1070 1471 1166 1541 cadit
1200 1471 1237 1540 in

116 1608 332 1704 διελύθησαν,
366 1609 455 1696 quod
491 1606 655 1688 additum,
696 1609 736 1676 ut
771 1625 827 1676 res
861 1605 961 1695 quasi
998 1607 1237 1696 spectaculum

120 1745 256 1835 legenti
290 1747 354 1814 sub
385 1745 500 1814 ocnlos
533 1743 754 1814 subiceretur
789 1747 824 1812 et
863 1743 1036 1832 oppositio
1072 1747 1238 1816 evaderet

119 1904 198 1954 curn
226 1881 458 1970 sequentibus.

217 2021 295 2089 Iam
310 2018 400 2088 enim
416 2023 533 2088 exstat
546 2017 640 2105 apud
655 2015 886 2086 Plutarchum
906 2017 1019 2086 oratio
1034 2018 1236 2112 ἡγεμονικοῦ,

114 2157 175 2246 qui
193 2137 329 2246 *spreto
363 2176 453 2227 novo
488 2155 641 2224 militum
677 2159 895 2224 sacramento
927 2151 1110 2225 Vitellium
1145 2173 1236 2226 oom-

115 2295 272 2364 mendat.
316 2293 392 2376 Qua
419 2293 465 2404 in)
483 2293 651 2374 oratione,
680 2311 770 2380 quae
797 2292 890 2380 apud
913 2291 1078 2363 Tacitum
1105 2293 1238 2363 deside-

121 2437 232 2513 ratur,
259 2430 289 2500 si
313 2431 434 2501 inania
453 2431 563 2502 verba
581 2429 906 2518 praetermittimus,
933 2421 1023 2498 niliil
1050 2429 1123 2499 fere
1141 2429 1237 2503 inve-

118 2567 224 2651 nitur,
244 2567 327 2657 quin
355 2569 399 2638 ab
426 2567 494 2637 hoc
521 2567 664 2637 haurire
690 2565 855 2654 potuerit.
902 2566 1058 2636 Primum
1077 2569 1236 2639 enuntia·

114 2711 189 2776 tum
209 2727 243 2777 v.
270 2705 418 2775 16017
449 2704 608 2778 circaeis
633 2705 834 2798 ἡγεμονικοῖς
859 2703 1036 2799 παρίστατο
1063 2703 1239 2775 δεδοικέναι

112 2841 171 2936 τὴν
191 2841 351 2937 ἀναρχίαν
370 2845 417 2916 ὡς
436 2841 624 2926 ἀπόστασιν,
641 2862 708 2930 quo
725 2841 839 2911 oratio
853 2841 1042 2924 inducitur,
1062 2863 1106 2913 ex
1121 2864 1239 2916 rerum

120 2979 323 3049 condicione
338 2978 595 3050 conformatum
610 2984 673 3061 est,
693 2979 882 3069 eademque
901 2980 1075 3050 sententia
1089 2982 1239 3070 amplius

119 3115 329 3204 explanatur
354 3137 389 3188 V.
413 3117 556 3186 18-21
579 3112 667 3206 λέγει
687 3113 723 3184 δέ
749 3141 795 3192 τις
822 3116 855 3185 ἐν
875 3115 993 3191 αὐτοῖς·
1013 3117 1043 3185 τί
1059 3118 1239 3212 πάσχομεν,

118 3253 146 3319 ὦ
174 3260 420 3349 συστρατιῶται,
449 3249 519 3348 μήτ’
551 3250 649 3322 ἄλλον
681 3214 832 3348 ἡγεμόνα
861 3253 1048 3346 ποιούμενοι
1076 3255 1159 3349 μήτε
1184 3255 1239 3324 τδν

120 3391 172 3455 νῦν
198 3387 271 3460 ὄντα
298 3389 525 3484 φυλάττοντες,
553 3391 667 3485 ὥσπερ
686 3390 723 3460 οὐ
743 3387 884 3488 Γαλβαν,
904 3388 971 3460 ἀλλ’
994 3390 1081 3467 ὅλως
1098 3390 1239 3488 ἄρχοντα

118 3525 174 3594 καὶ
199 3524 234 3594 τὸ
264 3525 427 3624 ἄρχεσθαι
460 3527 644 3622 φεύγοντες.
698 3529 794 3613 Quae
821 3529 944 3600 deinde
970 3531 1011 3600 de
1038 3530 1239 3600 Hordeonio

112 3662 272 3754 loquitur
289 3687 323 3737 v.
347 3666 497 3736 21-22
517 3660 664 3734 Φλάκκον
683 3663 747 3758 μὲν
761 3663 815 3735 οὖν
829 3661 1019 3762 Ὁρδεώνιον
1038 3663 1130 3736 οὐδὲν
1157 3664 1239 3736 ἄλλο

110 3799 251 3896 ἢσκιάν
271 3802 349 3872 ὅντα
367 3798 482 3900 Γάλβα
507 3802 559 3870 καὶ
586 3801 723 3872 εἴδωλον
750 3801 862 3873 ἐατέον
881 3805 926 3876 ab
945 3804 991 3875 iis
1016 3823 1084 3874 non
1111 3803 1240 3875 discre-
1273 3849 1275 3856 ,

110 3946 209 4029 pant,
241 3960 332 4030 quae
351 3939 498 4011 Tacitus
526 3941 610 4023 cti,
634 3943 650 4009 1
675 3941 761 4011 dicit
784 3948 932 4034 sopor-ior
958 3944 1118 4012 coercitos
1145 3941 1239 4038 legu-

116 4079 180 4146 lam
228 4075 445 4148 Hordeonium
492 4075 640 4148 Flaccum
683 4077 862 4170 spernebat,
905 4081 1031 4149 correcto
1070 4102 1108 4150 oc
1152 4077 1240 4150 debi—
1255 4123 1264 4142 „

119 4211 203 4286 litote
233 4215 356 4310 podium
393 4215 581 4304 ι’καοίῖάαοι,
615 4221 684 4285 stne
715 4219 904 4306 constantio,
938 4221 1008 4290 strae
1040 4219 1238 4309 oructorr'totc,
