3018 4796
115 314 162 386 G.
184 313 245 392 27,
272 315 366 376 ο-ιο.
1194 309 1241 381 63

118 538 156 590 ν.
184 515 282 587 6-8
311 511 484 608 ἀπέσφαξε
508 511 545 582 δὲ
576 509 681 599 αὐτόν,
734 533 764 586 o.
801 515 866 598 41,
903 517 948 586 12
988 513 1026 585 de
1056 533 1245 608 ροινιιονοαο

123 657 170 728 ὡς
183 648 372 722 οἱπλεῖστοι
385 649 525 744 λέγουσι.
542 645 682 743 Καμοό-
735 652 800 708 '1⁰²²
825 638 906 706 ⁸0!ss
940 635 1081 706 considit
1114 633 1245 728 quidam

121 789 188 886 ριός
204 813 251 865 τις
269 788 304 858 ἐχ
320 793 381 860 τοῦ
397 787 682 860 mmmm
739 753 919 826 Terentium
963 757 1146 845 euocatum,
1164 833 1167 842 ¹
1186 753 1248 832 uiri

735 871 929 966 ίοααιιίυυι,
975 872 1118 972 crebrior
1153 876 1245 966 (ama

736 994 872 1064 tradidit
902 994 1098 1077 Cominium,
1119 991 1178 1065 XV
1200 994 1243 1064 le·

734 1120 846 1210 gineis
872 1115 1017 1202 militem.

119 925 294 1020 τάγματος.
348 920 424 994 ἔνιοι
450 923 487 994 δὲ
503 903 681 1022 Τερέντιον,

121 1059 152 1134 οἱ
179 1061 217 1132 δὲ
243 1058 398 1132 Λεκάνιον
425 1063 614 1158 ἱστοροῦσιν.

118 1247 149 1320 οἱ
175 1227 321 1320 πλεῖστοι
347 1287 388 1318 =
420 1245 563 1321 crebrior
590 1251 700 1342 soma,
730 1247 806 1319 ἔνιοι
834 1288 872 1317 .-.
900 1249 1050 1344 quidum,
1084 1247 1114 1320 οἱ
1140 1249 1177 1320 δὲ
1203 1235 1244 1319 .—.²

119 1393 193 1477 otii,
222 1388 312 1458 haee
337 1387 384 1457 ad
401 1406 556 1476 unguem
575 1387 644 1458 sibi
662 1389 883 1476 respondent.
938 1387 1142 1461 Camurium
1161 1389 1244 1472 Plus

122 1525 275 1596 tarohus
301 1544 436 1615 quoque
465 1529 631 1596 accurate
658 1509 854 1614 significet,
892 1546 970 1597 oum
997 1529 1158 1597 oooootorn
1186 1547 1245 1598 ne·

129 1663 257 1750 glegot
284 1655 343 1757 (of.
369 1681 403 1751 p.
433 1661 480 1732 60
508 1662 588 1733 adn.
621 1657 670 1758 1).

234 1797 396 1888 Sequitur
433 1798 595 1869 namatio
637 1819 658 1869 ο
700 1797 827 1870 Tacito
868 1799 1016 1870 omissa:
1057 1822 1091 1873 ν.
1122 1801 1244 1872 8-15

129 1929 160 2004 oi
200 1932 236 2002 δὲ
279 1929 402 2032 Φάβιον
446 1929 619 2033 Φάβουλον
665 1930 735 2031 (so.
779 1935 1042 2007 interiecturem
1087 1933 1268 2034 dieunt),''

123 2071 160 2142 δν
185 2071 241 2140 καί
266 2095 363 2165 φασιν
390 2070 599 2167 ἀποκόψαντα
624 2071 683 2167 τὴν
711 2070 854 2166 κεφαλὴν
881 2070 1021 2164 κομίζειν
1053 2079 1102 2169 τῷ
1129 2068 1245 2170 ίματίῳ

123 2206 332 2305 συλλαβόντα
357 2207 410 2278 διὰ
435 2208 494 2303 τὴν
520 2207 677 2308 ψιλότητα
703 2208 963 2305 δυσπερίληπτον
984 2207 1092 2280 οὖσαν.
1136 2199 1248 2280 ἔπειτα

125 2353 195 2414 τῶν
222 2344 279 2415 σὺν
304 2345 391 2442 αὐτῷ
410 2346 559 2443 κρύπτειν
578 2347 634 2417 οὐκ
652 2345 792 2440 ἐώντων,
811 2344 879 2416 ἀλλ’
901 2346 1027 2444 ἐκφανῆ
1046 2351 1125 2418 πᾶσι
1144 2345 1248 2418 ποιεῖν

129 2482 190 2577 την
217 2481 444 2580 ἀνδραγαθίαν,
471 2486 702 2581 περιπείραντα
728 2485 803 2581 περὶ
820 2457 944 2580 λόγχην
961 2486 1014 2554 καί
1033 2483 1246 2582 ἀναπήλαντα

123 2618 310 2718 πρεσβότοο
338 2622 513 2718 πρόσωπον
540 2619 695 2718 ἄρχοντός
720 2647 756 2692 τε
774 2623 908 2714 κοσμίου
929 2621 1180 2719 καδάρχιερέιος
1199 2621 1250 2692 καὶ

121 2756 252 2828 ὑπάτου
277 2757 391 2856 δρόμῳ
409 2765 539 2855 χωρεῖν,
567 2759 681 2856 ὥσπερ
700 2761 733 2828 αἱ
752 2757 880 2857 βάκχαι,
899 2758 1056 2837 πολλάκις
1072 2782 1249 2857 μεταστρε-
1331 2766 1335 2774 ’

123 2896 268 2990 ρόμενυν
295 2895 348 2964 καί
374 2894 583 2992 κραδαίνοντα
610 2895 668 2992 τὴν
694 2895 817 2992 λόγχην
845 2897 954 2990 αἵματι
980 2899 1252 2995 καταρρεομένην,

129 3033 228 3104 Haeo
246 3033 463 3104 Plutarchus
490 3033 633 3106 aliunde
660 3035 810 3125 sumpsit
822 3031 861 3132 ¹).
916 3034 984 3106 Sed
1010 3035 1162 3106 Fabium
1182 3035 1250 3106 ra-

129 3169 263 3240 bullum
291 3169 328 3240 in
355 3168 451 3241 fonte
478 3170 597 3263 aliquo
622 3171 840 3244 nominatum
867 3171 977 3242 fuisse
1004 3172 1041 3242 in
1067 3192 1250 3262 pereusso-

127 3308 228 3378 ribus
263 3328 334 3378 non
367 3308 592 3392 crediderim,
620 3310 704 3399 quie
732 3309 893 3393 Tacitus,
921 3309 982 3400 qui
1009 3314 1144 3381 eeteros
1171 3310 1252 3380 dili·

126 3449 255 3534 genter
287 3450 484 3529 enumeret,
518 3446 594 3517 sine
621 3446 727 3518 dubio
755 3466 833 3518 eum
861 3468 930 3517 non
957 3446 1142 3518 omisisset.
1196 3446 1251 3516 De

126 3582 207 3652 eius
234 3579 329 3652 modi
355 3603 440 3656 vero
467 3583 580 3667 fonte,
609 3575 669 3674 qui
697 3582 823 3655 Tacito
856 3589 998 3674 praesto
1030 3605 1100 3655 non
1131 3583 1251 3668 fuerit,

125 3724 276 3809 propter
300 3719 445 3790 nimiam
480 3721 745 3810 congruentiam
774 3721 932 3812 cogitare
959 3742 1027 3792 non
1053 3741 1249 3810 possumus.

127 3855 322 3928 Suetonius
348 3876 485 3948 quoque
520 3858 563 3929 G.
594 3858 641 3928 20
674 3879 743 3929 non
778 3860 823 3929 ab
857 3855 1082 3930 interfectore
1117 3860 1180 3929 sed
1205 3861 1251 3930 ab

128 3994 201 4065 alio
220 3993 335 4064 milite
359 4013 380 4062 υ
405 3993 678 4068 frumentatione
704 3996 872 4067 redeunte
899 4000 1005 4085 caput
1030 3971 1252 4084 amputatum

230 4245 257 4318 1)
294 4243 330 4298 oi.
348 4242 484 4300 Nissen
500 4262 527 4318 ρ.
545 4245 608 4301 512.
