3018 4796
251 264 307 377 ἹΑ.Ι
775 310 779 316 .
1156 266 1197 338 Ο.
1230 268 1365 350 1,1-2.

248 488 282 555 v„
315 469 409 538 1-2
431 466 505 547 ὅδὲ
522 469 681 565 νεώτερος
702 469 858 565 αὐτοκρά-
900 491 941 542 1ο.
970 470 1030 554 47,
1060 471 1080 542 7
1112 469 1192 541 utto
1218 522 1227 540 .
1254 525 1262 542 .
1291 526 1299 543 .
1335 479 1369 542 iu

248 569 314 700 cip
342 601 394 698 ἅμ’
421 605 532 702 ἡμέρᾳ
558 603 733 701 προελθὼν
761 607 808 692 εἰς
822 606 857 676 a
914 607 1107 700 caprarum
1148 610 1272 679 vectio*
1301 603 1369 705 (so.

248 708 458 824 Kaurrrblrou
485 740 605 829 ἔθυσεΙᾸ
911 745 967 815 die
994 740 1141 842 casus).

350 881 438 978 Cum
474 881 621 958 Tacitus
657 881 871 958 sacrificium
889 881 1018 972 ¹primo
1054 882 1192 973 integro
1230 882 1370 972 imperii

248 1015 304 1087 die
331 1009 402 1113 (γῆμ’
432 1018 455 1113 ἡ
484 1012 562 1124 epp)
589 1019 723 1098 factum
750 1024 813 1091 aut
839 1019 1062 1109 ignoretaut
1079 989 1232 1102 omittat,
1259 1018 1370 1092 alium

246 1153 459 1244 peculiarem
492 1154 624 1258 fontem
657 1156 852 1228 Plutarcho
889 1161 1032 1246 praesto
1071 1155 1182 1228 fuisse
1216 1156 1370 1246 cogitari

246 1271 374 1390 potest
429 1291 498 1364 Sed
532 1293 698 1366 sollemne
730 1292 974 1377 sacrificium.
990 1294 1083 1384 quod
1109 1293 1146 1364 in
1173 1293 1372 1384 eiusmodi

247 1429 533 1508 casu-usitatum
551 1437 638 1513 erat,
667 1430 742 1521 ipse
760 1409 885 1520 potuit·
895 1431 1035 1515 addere,
1061 1430 1270 1522 praesertim
1290 1451 1371 1502 cum

246 1567 284 1640 id
316 1572 419 1658 agat,
454 1574 495 1640 ut
530 1587 635 1661 quam
669 1567 945 1658 grandissimum
977 1569 1103 1640 reddat
1129 1568 1212 1641 novi
1239 1568 1370 1656 princi
1413 1655 1421 1674 ι

246 1711 351 1794 patus
378 1703 530 1776 initium.
584 1704 771 1782 Othonem„
784 1705 876 1778 euim
902 1705 1015 1796 primo
1035 1704 1147 1776 solido
1170 1705 1226 1776 die
1245 1704 1282 1776 in
1301 1705 1369 1777 Oa·

246 1841 411 1931 pitolium
441 1841 639 1913 escendisse
661 1847 706 1920 et
739 1841 775 1912 in
807 1847 932 1912 senatu
964 1842 1080 1932 prima
1106 1847 1189 1914 acta
1216 1841 1368 1914 edidisse

246 1979 368 2054 tradit.
408 1980 542 2084 Quare
560 2001 603 2052 ue
622 1976 674 2072 ἅμ’
695 1979 807 2076 ἡμέρᾳ
827 1979 966 2069 quidem
983 1979 1220 2068 premendum,
1239 1979 1372 2070 quippe

246 2117 339 2207 quod
371 2136 515 2189 causam
548 2117 680 2188 habeat
712 2116 752 2220 iu³
784 2136 912 2189 scaena
943 2137 965 2188 a
998 2116 1193 2199 Plutarcho
1230 2137 1364 2206 compo·

247 2254 328 2349 sita,
388 2255 500 2338 Quam
534 2274 699 2326 scaenam
731 2261 880 2344 apparet
913 2252 982 2344 ipsi
1020 2273 1095 2326 esse
1130 2253 1361 2326 tribuendam.

247 2392 347 2476 Quae
373 2389 465 2464 enim
492 2395 800 2474 enumeratam,
828 2391 970 2464 veniam
997 2389 1099 2462 Oelso
1127 2390 1256 2476 datam,
1285 2409 1365 2462 con·

247 2529 427 2605 sulatuum
453 2528 738 2611 destinationem,
767 2527 1044 2600 sacerdotiorum
1071 2527 1361 2610 distributionem,

246 2668 417 2762 bonorum
443 2665 718 2740 restitutionem:
752 2665 841 2737 haec
868 2665 1032 2748 Tacitus,
1067 2665 1127 2755 qui
1154 2684 1184 2737 c.
1215 2665 1363 2736 51-70

247 2805 290 2874 de
316 2803 478 2895 Vitellio,
495 2803 573 2892 agit
600 2809 635 2874 et
661 2824 690 2873 c.
722 2805 766 2872 71
797 2804 842 2874 ad
877 2802 1049 2874 Othonem
1081 2802 1188 2886 redit,
1222 2821 1368 2892 sequen-

246 2941 342 3012 tibus
376 2939 553 3044 capitibus
588 2929 758 3030 temporis.
789 2959 859 3013 non
891 2939 1016 3010 habita
1049 2939 1187 3012 ratione
1219 2960 1369 3013 comme·

248 3083 379 3161 morat,
415 3077 566 3167 primum
600 3099 630 3148 c.
669 3079 733 3160 71,
772 3076 963 3150 secundum
996 3082 1032 3148 et
1063 3076 1207 3147 tertium
1241 3097 1271 3148 e.
1307 3077 1370 3161 77,

249 3220 413 3306 quartum
445 3235 475 3286 c.
511 3214 569 3297 90,
605 3215 697 3304 quod
729 3213 862 3284 factum
896 3232 971 3283 esse
1003 3213 1113 3286 adicit
1142 3213 1257 3302 pridie
1288 3214 1372 3286 idus

248 3351 411 3426 Martias.
465 3353 592 3442 Itaque
618 3372 689 3421 non
715 3351 827 3422 eidem
844 3351 933 3422 haec
951 3350 1067 3422 omnia
1093 3349 1265 3422 adscribit
1285 3349 1369 3423 diei.

248 3486 428 3562 Differunt
445 3489 557 3579 igitur
575 3487 774 3577 scriptores.
828 3487 1001 3578 Equidem
1019 3508 1164 3577 prorsus
1186 3487 1370 3560 consentio

249 3649 328 3700 cum
360 3624 571 3698 Beckurtsio
604 3618 644 3722 (l.
678 3626 701 3695 l.
728 3647 762 3716 p.
792 3625 839 3696 35
873 3619 960 3722 sq.)‚
994 3625 1055 3714 qui
1088 3625 1124 3695 in
1155 3624 1252 3696 fonte
1278 3625 1371 3696 haec

249 3764 436 3837 coniuncta
463 3763 573 3835 fuisse
600 3769 635 3834 et
661 3785 683 3834 a
711 3763 835 3834 Tacito
864 3760 1024 3852 dispersa
1050 3781 1126 3832 esse
1153 3766 1277 3852 negat,
1306 3763 1370 3833 sed

248 3902 480 3977 Plutarchum
498 3902 565 3973 hoe
589 3901 705 3991 capite
733 3901 849 3972 omnia
877 3920 920 3970 ex
946 3898 1043 3970 fonte
1070 3898 1227 3988 coegisse
1254 3902 1368 3988 putat,

248 4039 375 4129 quibus
396 4039 488 4111 Otho
506 4038 700 4128 primorum
717 4037 852 4109 animos
871 4036 939 4108 sibi
959 4034 1148 4107 conciliare
1176 4035 1363 4108 studuerit.

250 4176 413 4252 Tacitum
449 4176 541 4248 enim
573 4197 629 4246 res
663 4175 698 4244 in
732 4173 828 4245 fonte
862 4173 1068 4245 coniunctas
1102 4174 1189 4245 adeo
1216 4171 1367 4262 dissipa·
