3018 4796
136 305 185 376 G:
211 303 269 386 22,
295 319 405 375 aa-aa.
1212 293 1260 366 35

140 507 205 577 Val
231 501 321 576 haer>
346 504 497 576 Tacitus
525 501 727 574 aauuratius
754 501 873 584 refert,
892 500 956 590 qui*
977 498 1289 602 atlotiattam-1

138 644 235 734 paris
259 642 435 713 rationum
451 641 594 710 habeat
618 639 759 728 aliaque
786 636 974 710 subtiliora
1000 637 1151 708 adferat.

239 777 411 870 Sequitur
438 777 529 867 apud
547 773 779 848 Plutarchum
798 775 897 846 locus
924 775 1110 846 admodum
1137 775 1261 846 obscu-

135 935 199 992 rus
232 935 269 989 v.
299 915 448 986 35-39
484 915 501 980 ὁ
536 909 573 980 δὲ
604 911 666 990 τὰς
698 910 758 1004 μὲν
784 907 978 1007 ’ἔμπροσθεν
1005 912 1132 1008 ἡμέρας
1159 909 1264 981 ἐδόκει

141 1047 339 1121 θιωθεῖαθαι
356 1050 405 1120 καὶ
424 1045 623 1118 ἀναδύεσθαι
640 1049 676 1118 τὸ
691 1045 830 1142 μέγεθοξ
848 1055 907 1144 τῆς
925 1047 1032 1145 ἀρχῆς
1049 1045 1264 1146 φοβούμενος,

142 1190 215 1258 τότε
242 1187 279 1258 δέ
305 1211 400 1282 φασιν
426 1184 515 1256 orlaa
540 1181 924 1281 διάπλεωνῑκαὶαροφῆς
942 1185 1018 1254 ὄντα
1036 1183 1264 1284 μεσημβρινῆς

141 1321 316 1420 προελθεῖν
341 1323 395 1392 καὶ
422 1323 605 1392 ὑπακοῦσαι
625 1318 822 1418 Γερμανικὸν
848 1321 950 1414 ὄνομα
981 1319 1132 1415 θεμένων
1163 1319 1264 1419 αὐτῷ’,

136 1460 173 1530 τὸ
208 1458 248 1530 δὲ
273 1454 443 1556 Καίσαρος
477 1457 514 1529 aa
547 1457 820 1553 προσδεξάμενον.
887 1459 941 1530 De
973 1458 1089 1530 titulis
1116 1457 1264 1532 Tacitus

142 1597 223 1687 agit
258 1597 303 1667 a
319 1597 379 1679 62,
409 1600 451 1666 ii
482 1602 607 1666 ιιιινιῑιιε
637 1595 822 1668 Germanici
853 1594 975 1666 iareim
1000 1599 1109 1666 atatim
1136 1595 1265 1682 addim

149 1733 378 1804 Caesareanae
408 1732 570 1825 amellam·
600 1734 696 1802 eitam
723 1735 823 1802 uictor
843 1729 1023 1825 prohibuit.
1078 1732 1147 1806 Sed
1173 1751 1264 1824 quae

144 1872 359 1960 praecedunt
373 1869 514 1959 partim
542 1885 646 1940 sensu
665 1863 798 1939 tarent.
851 1869 1036 1940 Partiaula
1063 1870 1155 1940 enim
1181 1871 1267 1955 τότε,

142 2027 232 2096 quae
251 2025 389 2096 semper
406 2007 451 2076 ad
470 2010 609 2094 tempus
636 2005 707 2075 iam
734 2005 1101 2095 indicatumapeatat
1129 2003 1262 2077 nullum

138 2144 238 2214 aliud
273 2143 442 2232 temporis
477 2146 647 2232 punctum
680 2141 817 2212 definiri
842 2146 969 2232 potest,
1003 2142 1071 2213 nisi
1097 2141 1144 2226 id,
1172 2142 1266 2233 quod

139 2281 305 2351 Valentis
339 2282 493 2353 adventu
520 2275 743 2369 significatur
769 2280 792 2350 i.
814 2295 843 2350 a.
863 2299 896 2350 a.
916 2280 949 2352 d.
978 2281 1029 2351 IV
1055 2300 1135 2352 non.
1177 2281 1261 2352 Jan.

145 2411 199 2512 (iz
227 2410 392 2514 ianuar).
437 2417 563 2506 Itaque
590 2435 659 2487 non
685 2416 806 2506 liquat,
835 2417 920 2506 quid
947 2417 1015 2488 sibi
1041 2414 1154 2489 velint
1179 2416 1264 2488 illae

145 2549 334 2647 ἔμπροσθεν
364 2553 494 2650 ἡμέραν,
527 2553 653 2642 quibus
679 2551 851 2624 Vitellius
878 2549 1069 2624 διωθεῖσθαι
1100 2553 1153 2621 καὶ
1184 2553 1265 2622 ἀνα-

141 2686 280 2760 δύεσθαι
308 2689 448 2762 diaitur.
491 2690 592 2760 Nam
611 2690 750 2779 quando
770 2689 906 2780 aliquot
923 2689 997 2760 dias
1015 2690 1177 2762 cunctari
1195 2685 1264 2781 'po-

137 2826 261 2910 tuerit,
277 2841 390 2916 nequa
405 2846 450 2897 ex
464 2827 590 2897 Tacito
605 2832 764 2916 apparat,
784 2827 845 2916 qui
862 2827 935 2898 kal.
946 2828 970 2899 J
972 2845 1028 2898 an.
1048 2805 1263 2917 superiarem

143 2964 335 3035 exercitum
362 2963 565 3048 descivisse,
606 2963 767 3054 aequanti
801 2968 904 3035 nauta
929 2963 1112 3036 Vitellium
1138 2967 1265 3038 certio-

143 3119 235 3170 rem·
254 3099 406 3185 fautum,
439 3101 608 3189 proximo⁴
645 3101 700 3171 die
736 3101 759 3171 i.
794 3121 824 3171 a.
857 3123 889 3172 a.
924 3101 956 3172 d.
976 3102 1043 3174 'IV
1077 3097 1147 3174 no'n
1179 3105 1262 3176 Jan.

144 3237 391 3327 imperatorem
417 3238 657 3309 renuntiatum
684 3258 771 3322 asse,
799 3239 959 3328 sequenti
985 3259 1069 3311 varo
1097 3239 1153 3310 die
1182 3241 1204 3310 i.
1233 3259 1263 3311 e.

146 3394 179 3444 a.
199 3375 232 3445 d.
256 3375 314 3446 III
340 3396 419 3446 non.
441 3376 524 3447 Jan.
554 3375 769 3466 superiorem
788 3376 981 3447 exercitum
1008 3380 1266 3448 sacramentum

145 3511 224 3582 aius
255 3512 432 3602 accepisse
465 3517 539 3582 tam
573 3517 668 3583 certo
700 3519 854 3595 enarrat,
888 3519 928 3584 ut
961 3513 1060 3583 nulla
1084 3519 1267 3585 remaneat

142 3641 338 3736 dubitarim
367 3649 479 3739 nuqua¹
492 3647 693 3739 ‘quandoid
715 3647 793 3720 fieri
819 3647 976 3738 potuerit
1002 3671 1045 3722 ex
1058 3625 1265 3726 ,Plutarcho

137 3787 218 3877 ipao
254 3785 527 3876 intellegimus.¹
566 3787 660 3858 Ante
686 3807 771 3859 varo
804 3786 904 3886 illum
937 3787 1029 3858 diem
1058 3805 1145 3858 ¹num
1173 3788 1266 3860 acui·

139 3927 244 4014 peret
284 3919 470 4015 imparium
496 3921 670 4012 ¹Vitellius
710 3901 873 3996 dubitare
901 3945 981 4015 snon
1013 3923 1146 4014 potuit,
1184 3925 1268 4016 quia

140 4078 253 4151 usque
289 4061 336 4130 ad
361 4060 398 4130 id
430 4066 568 4150 tempus
600 4061 633 4131 ei
651 4077 734 4130 'non
766 4066 844 4132 arat
880 4060 1046 4134 oblatum.
1107 4061 1160 4132 Ne
1194 4080 1265 4133 aar·

145 4165 280 4268 munem
314 4168 454 4287 quidam
473 4177 597 4274 ¹fuisaa
633 4181 701 4268 hac
734 4199 776 4270 de
808 4219 846 4270 re
870 4199 1085 4270 Plutarchus
1116 4218 1266 4290 usquam

1062 4328 1095 4388 3ss
