3018 4796
155 334 199 404 o.
230 331 286 415 ao,
315 337 387 392 1-9.
870 383 872 386 .
1224 325 1270 396 ιι

156 539 231 608 loco
266 535 518 624 comprehensa
553 532 695 616 fuerint,
729 537 769 603 ut
813 532 960 604 Tacitus
1002 531 1102 602 illum
1145 531 1273 602 discer-

154 674 265 762 psisse
302 672 504 762 arguendus
542 670 599 753 sit,
632 650 677 740 au
713 670 928 740 Plutarchus
962 669 1078 740 omnia
1114 670 1274 757 conlege-

153 811 212 894 rit,
241 831 331 900 quae
369 811 412 879 de
440 807 577 879 Othone
604 805 738 877 tradita
773 807 930 889 haberet,
973 807 1048 879 sive
1084 828 1105 876 a
1148 806 1274 876 Tacito

155 949 232 1020 sive
266 949 311 1017 ab
349 946 419 1017 alio
453 949 598 1033 peteret.
659 943 855 1033 Utrumque
887 943 973 1013 ferri
1004 949 1131 1032 potest,
1163 963 1275 1032 neque
1334 953 1337 962 '

155 1085 247 1154 haec
274 1082 445 1152 sententia
474 1081 678 1170 spernenda.
711 1119 752 1130 -
784 1081 834 1152 Ut
860 1080 931 1152 iam
957 1080 1081 1170 paucis
1108 1086 1275 1168 repetam,

161 1220 317 1309 equidem
349 1219 583 1289 Plutarchum
610 1217 647 1287 in
681 1217 749 1286 hac
780 1217 877 1287 vitae
901 1223 1012 1313 parte
1046 1217 1197 1306 plurima
1231 1237 1275 1285 cx

159 1363 303 1427 auctore
334 1360 534 1426 mutuatum
566 1374 641 1424 esse
672 1358 769 1442 puto,
802 1375 904 1443 quem
935 1354 1082 1425 Tacitus
1116 1373 1276 1443 sequere·

154 1499 225 1577 tur,
254 1495 316 1563 sed
343 1492 465 1580 aliqua
492 1493 535 1561 ab
562 1489 629 1561 hoo
656 1491 834 1579 petivisse,
863 1511 884 1562 a
911 1511 979 1580 quo
1007 1491 1069 1564 vix
1101 1490 1172 1561 iam
1206 1491 1274 1560 dis-

157 1635 292 1718 crepat.

263 1766 300 1836 Ο.
328 1765 438 1835 XXII
463 1764 639 1835 exereitus
667 1765 870 1835 Germanici
898 1765 1093 1836 seditionen
1120 1769 1274 1848 enarrat,

159 1903 352 1992 omniaque,
380 1921 469 1991 quac
495 1901 641 1990 profert,
670 1903 763 1990 apud
791 1865 1123 1972 Tacitumexstant
1150 1901 1274 1972 autin
1318 1949 1323 1957 ,

154 2039 377 2130 praefatione
405 2059 434 2109 c.
466 2042 486 2108 8
515 2044 551 2108 et
579 2043 600 2108 9
629 2043 691 2109 aut
718 2059 748 2110 c.
778 2041 824 2109 51
854 2060 916 2127 sq.‚
944 2038 1005 2109 ubi
1033 2042 1165 2108 motum
1192 2058 1273 2126 gra-

153 2178 340 2250 vissimum
368 2175 558 2264 diligenter
575 2175 755 2246 describit.
802 2177 937 2264 ltaque,
962 2195 1163 2265 quanquam
1190 2175 1276 2247 levi-

157 2315 281 2384 oribus
307 2314 345 2382 iu
370 2315 474 2382 rebus
502 2312 704 2402 discrepant
722 2314 921 2402 scriptores
944 2313 1012 2383 hoc
1031 2319 1138 2402 caput
1164 2317 1276 2384 totum
1311 2324 1314 2329 ·

160 2450 372 2521 Plutarchus
404 2471 425 2519 a
453 2449 579 2521 Tacito
605 2450 722 2538 potuit
754 2450 909 2521 haurire.
965 2450 1021 2520 Ex
1054 2450 1166 2538 primo
1201 2449 1276 2538 qui·

157 2588 235 2657 dem
264 2586 444 2657 enuntiato
471 2608 506 2659 V.
539 2589 634 2655 1-2
663 2583 906 2683 καταλαμβάνει
934 2585 958 2654 δ’
994 2584 1089 2654 αὐτόν
1121 2583 1168 2654 ἔτι
1199 2585 1275 2678 μέλ-

8 2779 9 2782 ι
151 2722 249 2792 λοντα
284 2723 334 2792 καὶ
362 2721 600 2820 βουλευόμενον
619 2721 794 2817 ἐκραγέντα
820 2722 860 2792 ml
879 2719 1174 2818 Peppuuruolnihil
1194 2724 1277 2795 novi

154 2861 408 2949 comperimus,
445 2861 505 2930 sed
541 2865 666 2931 auctor
701 2881 757 2930 res
791 2881 898 2951 supra
935 2861 1114 2950 expositas
1148 2861 1276 2930 iterum

156 2998 293 3085 repetit,
323 3017 391 3086 quo
427 2995 570 3067 facilius
607 2997 651 3066 ad
688 2997 800 3086 ipsam
836 2997 1075 3068 narrationem
1108 3002 1275 3068 transeat.

156 3133 291 3204 Deinde
318 3152 382 3203 cur
409 3133 539 3203 milites
566 3133 775 3204 fremuerint
802 3135 945 3223 exponit
972 3141 1077 3224 atque
1110 3141 1278 3224 quattuor
1322 3156 1329 3173 ¹

157 3269 271 3340 adfert
294 3288 421 3340 causas
440 3292 473 3343 v.
505 3271 621 3341 2-9:
654 3265 691 3367 l)
709 3277 802 3366 κοινγῙ
828 3270 889 3366 γὰρ
916 3271 1057 3346 ἅπαντες
1075 3268 1103 3340 οἱ
1122 3295 1276 3367 στρατευ-

160 3407 264 3498 όμενοι
297 3407 352 3476 πδν
385 3403 520 3504 Γαλβαν
560 3408 690 3499 ἐμίσουν
725 3405 781 3476 οὔκ
815 3407 1009 3478 ἀποδιδόντα
1042 3408 1100 3503 τὴν
1134 3407 1274 3504 δωρεάν,

158 3541 197 3636 2)
239 3542 319 3619 ἰδίας
359 3541 395 3612 δέ
437 3542 549 3613 ἐκεῖνοι
588 3547 770 3641 προφάσεις
809 3545 972 3614 ἐποιοῦντο
1015 3537 1197 3641 Οὐεργίνιόν
1240 3569 1277 3614 τε

143 3675 284 3775 Ῥοῦφον
317 3680 555 3777 ἀπερριμμένον
592 3681 717 3774 ἀτίμως
751 3676 790 3778 3)
816 3681 868 3749 καὶ
894 3678 1052 3751 Γαλατῶν
1078 3680 1152 3755 τοὺς
1178 3681 1276 3750 πολε-

152 3819 323 3913 μήσαντας
342 3815 450 3894 αὐτοῖς
469 3817 604 3914 δωρεῶν
623 3820 850 3913 τυγχάνοντας,
873 3819 942 3888 δσοι
957 3818 993 3888 δέ
1017 3818 1062 3912 μὴ
1076 3816 1276 3912 προσέθεντο

143 3950 283 4025 Οὐίνδικι
324 3953 566 4046 κολαζομένους,
601 3950 642 4050 4)
675 3951 704 4050 ᾧ
739 3957 829 4050 μόνῳ
863 3955 917 4024 τδν
944 3951 1076 4050 Γαλβαν
1102 3956 1197 4050 χάριν
1231 3958 1275 4024 εί-

154 4090 240 4162 δὲναι
267 4092 319 4160 καὶ
345 4097 439 4183 τιμᾶν
466 4090 645 4189 τεθνηκότα
672 4093 724 4160 καὶ
764 4093 922 4191 γεραίρειν
956 4092 1121 4188 δημοσίοις
1152 4093 1275 4186 έναγια·

158 4235 232 4320 μοῖς,
273 4232 322 4304 ὡς
364 4225 412 4299 ὑπ’
453 4228 574 4300 ἐκείνου
603 4225 778 4323 Ῥωμαίων
813 4225 1088 4323 ἀποδεδειγμένον
1122 4231 1275 4327 αὐτοκρά-
