2982 4794
280 289 326 362 98
1162 289 1201 362 O.
1232 292 1382 372 5,1s-1s.

277 493 332 564 οὖν
369 494 402 563 ἐν
441 488 600 592 Βριξίλλῳ
639 495 732 564 πόλει
750 501 826 590 ,τῆς
861 491 995 574 Ἰταλίας
1033 495 1108 591 περὶ
1146 495 1199 565 τὸν
1229 489 1386 588 Ἠριδανὸν

277 628 477 728 ἀπελείφθη,
508 630 708 728 στρατηγοὺς
732 631 769 701 δὲ
794 639 859 700 τῶν
888 631 1062 724 δυνάμεων
1089 629 1250 726 ἐξέπεμψε
1268 623 1388 726 Μάριόν

276 793 311 838 τε
347 763 475 838 Κέλσον
507 769 559 838 καὶ
591 767 796 864 Σουητώνιον
828 765 987 838 Παυλῖνον
1025 768 1071 838 ἔτι
1109 767 1145 837 δὲ
1180 766 1306 840 Γαλλον
1339 767 1389 834 καὶ

276 902 466 1002 Σπουρίναν.
504 907 636 1006 ἱΡυίιυο
654 909 764 981 verba
783 908 829 978 ad
847 906 1087 997 quaestionem
1106 906 1283 997 pertinent
1301 901 1388 974 dilii-

276 1042 454 1114 cillimam.
500 1043 714 1114 Plutarchus
733 1043 825 1114 enim
852 1044 972 1116 statim
990 1044 1092 1116 initio
1111 1045 1195 1116 belli
1221 1043 1388 1116 Othonem

147 1168 151 1188 ¹
275 1181 426 1251 Brixelli
453 1181 662 1252 remansisse
695 1181 816 1265 tradit,
852 1184 944 1253 unde
972 1181 1183 1252 Bedriacum
1207 1183 1254 1253 ad
1281 1178 1389 1252 consi·

274 1318 360 1388 lium
387 1337 423 1388 se
443 1285 663 1407 contulisset3
704 1313 859 1416 (0.8,1
888 1321 905 1387 ὁ
933 1317 969 1387 δὲ
990 1312 1104 1390 Ὄθων
1128 1318 1392 1413 παραγενόμενος

275 1455 320 1530 εἰς
345 1447 561 1552 Βητριακόν);
603 1475 670 1545 quo
697 1461 840 1544 peracto
869 1455 1065 1527 Brixellum
1083 1456 1176 1526 redit
1202 1450 1264 1554 (Ο.
1290 1455 1388 1537 10‚1

276 1589 372 1667 αὐτὸς
399 1589 435 1660 δὲ
467 1591 564 1660 πάλιν
597 1592 641 1667 εἰς
672 1586 840 1689 Βρίξιλλον
873 1588 1099 1690 ἀνεχώρησε).
1153 1592 1303 1665 Tacitus
1335 1593 1391 1663 ob·

275 1727 411 1798 scurior
442 1732 509 1799 est:
548 1729 582 1799 h.
624 1731 656 1811 2,
692 1730 736 1798 11
773 1728 945 1800 Othonem
972 1729 1088 1801 Annio
1122 1731 1226 1802 Gallo
1261 1735 1298 1801 et
1327 1731 1391 1801 Vc·

274 1857 395 1936 siricio
415 1865 590 1955 Spurinna
608 1866 811 1954 praemissis
829 1867 943 1936 Roma
958 1866 1156 1955 profectum
1170 1886 1246 1937 esse
1267 1867 1391 1954 retent,

274 2023 303 2074 c.
342 2004 389 2073 32
436 2003 602 2075 Bedriaci
648 2003 794 2075 consilio
834 1972 989 2088 interest,
1031 2025 1060 2075 c.
1108 2005 1155 2076 33
1195 2005 1391 2076 Brixellum

274 2141 444 2212 concedit.
493 2142 689 2212 Mommsen
718 2135 768 2237 (p.
805 2136 895 2238 310)
929 2143 1009 2212 inde
1045 2141 1164 2225 efficit,
1197 2162 1241 2214 ex
1274 2143 1391 2214 Taciti

272 2279 475 2349 narratione
503 2277 674 2350 Othonem
699 2299 810 2368 usque
837 2280 884 2348 ad
907 2299 1063 2368 pugnarn
1082 2281 1175 2369 apud
1198 2281 1390 2351 exercitum

273 2416 382 2488 fuisse
409 2420 445 2486 et
470 2437 539 2486 non
564 2415 634 2485 nisi
661 2420 836 2504 postremo
863 2421 1019 2504 tempore
1047 2418 1167 2507 copias
1193 2417 1390 2508 reliquisse.

273 2555 399 2645 Itaque
416 2554 603 2625 Plutarchi
629 2553 836 2626 relationem
863 2555 972 2624 solam
999 2575 1121 2627 veram
1149 2574 1223 2624 esse
1242 2553 1330 2624 dicit
1358 2559 1394 2623 et

275 2691 439 2762 Tacitum
457 2689 613 2763 oratorio
632 2691 807 2763 scribendi
827 2712 954 2782 genere
975 2693 1118 2761 ductum
1143 2690 1263 2777 arguit
1282 2688 1393 2758 Otho-

273 2848 351 2897 nem
370 2827 503 2898 afuisse
522 2829 566 2898 ah
586 2827 744 2900 exercitu
770 2850 838 2900 non
857 2828 926 2898 nisi
949 2826 1150 2896 imminente
1167 2823 1302 2912 proelio
1321 2842 1393 2893 me-

273 2986 438 3049 morasse,
458 2985 525 3056 quo
540 2966 619 3054 plus
633 2967 770 3038 valeret
783 2961 1006 3054 imperatoris
1025 2959 1185 3030 absentia
1205 2961 1392 3050 magisque

271 3109 468 3192 appareret,
497 3108 665 3193 quantum
689 3099 889 3174 detrimenti
915 3098 995 3167 inde
1023 3096 1173 3187 cepisset
1200 3098 1388 3169 exercitus.

271 3241 432 3312 Heraeus
476 3241 513 3311 in
557 3241 636 3311 adn.
682 3241 738 3310 ad.
783 3237 817 3306 h.
865 3239 897 3319 2,
942 3234 1000 3317 33,
1044 3236 1089 3306 11
1126 3234 1271 3307 eandem
1307 3238 1389 3307 doc-

272 3377 401 3450 trinam
441 3376 637 3467 profitetur.
710 3374 779 3444 Sed
819 3391 894 3444 esse
936 3371 1187 3443 dissensionem
1223 3374 1389 3445 Oersten-

271 3516 376 3587 ecker
389 3510 417 3611 ¹)
440 3520 535 3589 recte
559 3516 675 3602 negat.
736 3510 837 3593 Nam,
861 3509 968 3580 etiam
987 3510 1017 3580 si
1036 3509 1183 3581 Tacitus
1214 3529 1388 3601 nusquam

272 3658 391 3742 aperte
418 3651 515 3734 dicit,
543 3650 715 3722 Othonem
742 3647 864 3719 statim
890 3647 991 3719 initio
1018 3646 1104 3718 belli
1129 3648 1279 3744 Brixelli
1306 3648 1329 3717 i.
1356 3669 1388 3719 e.

271 3790 362 3862 citra
394 3791 531 3861 Padum
566 3785 785 3869 remansisse,
822 3784 913 3856 idem
945 3804 1117 3874 nusquam
1149 3783 1290 3874 prodit,
1309 3804 1390 3855 eum

270 3926 399 4000 flumen
425 3933 685 4014 transgressum
715 3925 761 3996 ad
796 3922 989 3994 exercitum
1022 3943 1059 3993 se
1093 3922 1292 4005 contulisse,
1327 3924 1390 4012 qui

471 4077 573 4088 ...—

371 4145 397 4212 1)
433 4141 697 4200 Gerstenecker
716 4140 794 4212 „Der
811 4138 906 4210 Krieg
924 4138 977 4194 des
991 4137 1072 4194 Otho
1091 4152 1118 4191 u.
1131 4135 1285 4192 Vitellius“
1303 4154 1330 4208 p.
1347 4140 1388 4209 14,

270 4233 312 4301 15,
329 4232 372 4301 24,
389 4232 431 4286 25.
450 4230 517 4288 adn.
534 4229 568 4285 41
587 4234 617 4284 et
633 4229 674 4291 50,
