3018 4796
134 330 179 402 (l.
210 329 268 412 25,
297 341 371 400 1⁴-e
1205 331 1253 404 49

134 555 185 608 vx
201 533 297 603 1-3
324 528 466 601 ἐνταῦθα
490 530 565 608 τοὺς
597 533 748 628 πρώτους
768 526 772 628 1
801 552 831 604 c.
853 535 910 617 at,
931 535 978 605 12
1000 555 1051 626 sq.
1073 531 1120 605 ttt
1137 539 1202 608 leet
1228 541 1259 608 cl

135 667 369 761 ἐκδεξαμένους
396 667 494 738 αὐτὸν
533 668 586 737 καί
619 693 748 764 προσει-
802 674 922 765 uiginti
946 671 1163 764 speculatores
1180 695 1257 744 cort·

61 775 64 780 A
122 791 253 882 Ιπίντας
266 799 489 901 αὐτοκράτορά
504 829 584 899 φασι
599 805 645 900 μὴ
660 804 748 874 πλεί-
801 805 977 876 soltotulum
1031 812 1258 901 imperatorem

131 969 191 1018 ους
207 951 316 1039 τριῶν
343 941 396 1012 καὶ
423 939 709 1036 attemptata.
803 945 862 1032 (sc.
890 945 1050 1036 cupiunt).

130 1080 235 1151 Nihil
262 1080 450 1168 discrepat,
478 1079 546 1150 nisi
576 1080 672 1168 quod·
695 1079 794 1150 addit
811 1079 1026 1152 Plutarchus
1046 1083 1135 1176 ραοί,
1156 1060 1258 1172 quasi

136 1238 193 1288 res
221 1217 355 1287 incerta
383 1217 440 1286 sit.
494 1216 573 1312 φασί
599 1236 643 1286 ex
669 1216 765 1286 fonte
792 1217 911 1308 aliquo
939 1218 1152 1308 exscriptum
1181 1241 1257 1291 esse

135 1374 222 1443 opus
257 1373 327 1424 non
363 1359 426 1422 est.
493 1353 626 1424 Eodem
661 1354 738 1424 iure
765 1355 807 1424 de
836 1354 963 1426 Tacito
990 1360 1106 1444 petest
1132 1357 1256 1446 accipi,
1334 1367 1335 1371 ’

134 1511 240 1582 quem
266 1491 334 1562 hoc
360 1492 468 1562 verbo
497 1490 682 1579 significet.
744 1492 908 1564 Ceterum
941 1497 976 1563 et
1011 1493 1078 1564 hoc
1111 1495 1188 1566 loeo
1225 1501 1260 1565 et

136 1628 235 1698 inira
262 1625 474 1698 Plutarchus
511 1627 547 1698 iu
574 1628 669 1699 dulci
696 1634 732 1698 et
758 1627 886 1700 diffuso
927 1650 1055 1720 genere
1096 1632 1260 1723 loquendi

140 1784 276 1834 summa
304 1784 379 1833 cum
405 1764 588 1853 voluptate
615 1773 790 1836 versatur.
983 1789 992 1826 ν

140 1923 172 1973 v.
204 1901 300 1971 3-5
342 1899 399 1984 διὸ,
426 1903 541 1996 καίπερ
574 1901 611 1970 οὐ
643 1900 726 1971 κατὰ
758 1901 818 1996 τὴν
844 1898 925 2000 τοῦ,

953 1975 988 2026 v.
1022 1955 1065 2025 13
1090 1979 1129 2026 oo
1141 1963 1259 2049 putori-

133 2040 289 2130 σώματος
310 2036 469 2129 μαλακίαν
488 2039 540 2107 καί
558 2023 731 2134 θηλύτητα
746 2044 789 2134 τῇ
807 2038 901 2134 ψυχῇ
954 2112 1017 2179 lm
1047 2110 1259 2181 mmmmm

134 2173 423 2271 διατεθρυμμένος,
452 2173 518 2244 ἀλλ’
550 2174 661 2266 ἰταμὸς
686 2169 730 2250 ὢν
756 2176 839 2272 πρὸς
859 2175 900 2245 τὰ

955 2263 1124 2358 trepidum.

141 2448 237 2518 Illud
271 2450 312 2518 de
347 2449 482 2520 Othone
520 2450 688 2520 iudicium
727 2451 798 2520 iam
837 2452 971 2540 pridem
1007 2453 1117 2524 edidit
1156 2453 1259 2524 Taci-

138 2592 197 2656 tus
226 2605 254 2656 o.
284 2585 341 2670 22,
372 2591 389 2657 l
425 2607 489 2655 uoto
526 2590 596 2656 erut
634 2585 765 2658 catomo
799 2589 904 2658 mollis
936 2593 968 2658 et
992 2596 1121 2681 corpori
1145 2591 1262 2660 similis
1276 2654 1281 2660 .,

138 2309 231 2380 δεινὰ
256 2312 310 2380 καί
336 2309 500 2408 ἄτρεπτος,
528 2311 763 2382 ἀπεδειλίασεν.

133 2733 278 2793 ueremur.
323 2724 416 2794 vHas
442 2725 535 2794 ¹duas
568 2744 625 2794 res
656 2725 871 2796 Plutarchus
907 2726 959 2796 ita
994 2727 1186 2816 coniungit,
1223 2735 1263 2798 ut

135 2861 289 2932 Othonis
322 2861 450 2950 pavori
485 2867 639 2950 opponat
671 2883 792 2934 veram
821 2853 895 2934 eius
923 2868 1096 2936 naturam.
1152 2866 1262 2954 Fugit

137 3017 220 3070 vero
247 3018 340 3081 eum,
369 2994 461 3087 qtrod
488 2999 541 3067 ita
575 2998 618 3068 iis
646 3001 798 3088 quedam
825 3003 926 3072 modo
958 3009 1144 3091 repugnat,
1171 3023 1260 3092 quae

141 3135 183 3205 G.
219 3136 278 3218 24,
319 3136 467 3205 17-18
501 3136 543 3204 de
577 3134 715 3206 Othone
749 3143 878 3207 metum
909 3137 1012 3209 vultu
1044 3143 1260 3210 monstrante

140 3272 289 3344 dixerat.
311 3272 409 3356 Quae
419 3277 613 3370 sequuntur
622 3293 692 3343 non
701 3274 781 3361 plus
794 3276 963 3361 praebent
977 3295 1083 3363 quam
1097 3277 1260 3348 Tacitus:

140 3430 173 3482 V.
202 3410 300 3480 5—-8
329 3405 358 3478 ei
385 3407 420 3477 δὲ
446 3411 604 3505 παρόντες
631 3409 687 3479 οὐκ
710 3409 799 3498 εἴων,
819 3409 904 3479 ἀλλὰ
954 3433 988 3484 ν.
1017 3413 1167 3483 13-14
1199 3416 1261 3483 ltc-

101 3573 104 3580 ’
139 3549 205 3622 τοῖς
234 3543 340 3641 ξίφεσι
357 3553 501 3640 ’γυμνοῖς
532 3547 712 3641 περιϊόντες
738 3545 837 3615 αὐτοῦ
868 3547 903 3616 τὸ
952 3551 1065 3640 pidum
1101 3553 1132 3620 el
1164 3550 1263 3620 sellae
1301 3631 1303 3636 X

136 3651 270 3780 φορεῖον
304 3679 453 3752 ἐκέλευον
486 3680 646 3779 αἴρεσθαι,
672 3682 904 3780 παραρθεγγο-
951 3687 1143 3779 festinanter
1160 3691 1263 3780 impo-

134 3821 237 3912 μὲνου
265 3818 420 3896 πολλάκις
442 3819 650 3890 ἀπολωλέναι
675 3822 727 3890 καί
752 3819 826 3898 τοὺς
845 3846 904 3917 ρο·
956 3813 1262 3893 siltomslm'cllsmu·

135 3957 335 4052 ρειαιρόρους
353 3955 607 4052 ἐπιταχύνοντος.
956 3957 1107 4030 cretulus
1119 3963 1261 4052 repitent.

138 4095 309 4165 Fortasse
323 4094 538 4166 Plutarchus
553 4094 749 4180 uberiorem
765 4095 917 4184 aliquem
931 4095 1064 4168 iontem
1077 4097 1264 4188 contraxit,

140 4234 198 4302 sed
213 4232 444 4302 distendendo
466 4238 501 4303 et
518 4230 765 4320 amplificando
786 4233 902 4303 omnia
925 4253 968 4304 ex
987 4235 1111 4305 Tacito
1127 4255 1264 4325 compo-

1079 4368 1096 4421 ε
