2982 4794
239 307 310 375 106
545 377 554 392 ,
1124 304 1164 376 Ο.
1186 307 1218 387 6,
1242 323 1346 378 16-21.

237 528 436 599 quanquam
471 510 538 581 hoc
573 512 619 582 ad
653 511 806 601 priorem
841 511 1009 601 impetum
1041 512 1203 601 pertinet.
1265 511 1352 581 Oon-

236 645 341 730 vicia,
370 665 460 737 quae
486 647 701 719 Plutarchus
719 648 930 719 Vitellianos
957 647 1166 721 Othonianis
1193 647 1353 718 iniecisse

237 791 416 869 memorat,¹
451 783 525 855 fere
559 785 680 855 eadem
712 795 810 868 sunt,
846 805 936 875 quae
964 785 1005 856 Ο.
1035 789 1067 868 5,
1098 786 1243 856 25-31
1281 784 1354 873 ipse

236 921 281 992 iis
307 921 452 1005 tribuit,
487 922 594 1009 paulo
628 921 793 993 uberiora
825 927 861 992 et
887 923 1060 994 auctiora.
1114 922 1243 994 'Potum
1270 941 1354 993 vero

237 1059 329 1148 quod
347 1059 493 1148 praebet
511 1059 756 1147 spectaculum·
769 1059 845 1148 ipse
864 1059 1034 1149 concepit,
1062 1079 1132 1149 qua
1158 1060 1196 1130 in
1221 1079 1261 1129 re
1287 1079 1356 1129 non

237 1203 355 1277 curat,
401 1199 521 1266 utrum
551 1194 637 1266 ferri
672 1195 823 1286 possint,
860 1217 949 1286 quae
985 1199 1161 1286 proterat,
1195 1215 1305 1267 necne
1318 1191 1356 1291 ¹).

236 1333 407 1403 Extrema
442 1334 484 1402 de
515 1333 642 1422 oppido
675 1333 861 1404 Plutarchi
892 1335 1004 1406 verba
1035 1333 1126 1423 ipse,
1165 1333 1225 1423 qui
1259 1332 1356 1422 oppi-

237 1471 319 1541 dum
344 1470 442 1541 haud
474 1470 581 1540 dubie
611 1470 758 1553 viderit,
787 1473 914 1542 addere
941 1471 1057 1560 potuit
1065 1466 1108 1567 ²).
1135 1511 1186 1522 -
1219 1471 1359 1541 Deinde

236 1606 452 1678 Plutarchus
492 1608 598 1678 duces
638 1607 807 1678 describit
832 1630 866 1682 v.
900 1609 943 1678 16
959 1649 1009 1660 -
1025 1609 1071 1678 21
1111 1606 1196 1701 ἦσαν
1238 1604 1275 1676 δὲ
1309 1606 1360 1676 καὶ

235 1743 276 1812 τὰ
302 1741 388 1812 ἄλλα
421 1750 487 1812 τῶν
523 1735 712 1814 Οὐιτελλίου
748 1751 940 1839 στρατηγῶν
959 1739 961 1744 ’
977 1741 1007 1812 οἱ
1031 1737 1184 1819 Ὄθωνος
1211 1741 1359 1840 ἐντυχεῖν

238 1879 431 1976 ἀλυπότεροι
470 1878 522 1948 καὶ
557 1879 672 1948 πόλεσι
706 1880 757 1948 καὶ
792 1878 941 1954 ἰδιώταις·
977 1877 1107 1948 ἐκείνων
1143 1877 1179 1948 δὲ
1215 1874 1359 1956 Κεκίνας

236 2017 295 2110 μὲν
328 2014 402 2087 οὔτε
430 2016 545 2112 φανὴν
573 2014 648 2086 οὔτε
675 2023 790 2112 σχῆμα
822 2016 1002 2112 δημοτικός,
1030 2014 1097 2086 ἀλλ’
1128 2013 1282 2111 ἐπαχθὴς
1307 2018 1359 2087 καὶ

235 2153 415 2238 ἀλλόκοτος,
442 2156 596 2246 σώματος
620 2153 772 2246 peralbo,
792 2149 977 2257 Γαλατικῶς
996 2151 1231 2250 ἀναξυρίσιῖκαί
1257 2161 1357 2250 χειρῖ-

237 2317 284 2360 σιν
308 2289 590 2383 ἐνεσκευασμένος,
609 2292 756 2386 σημείας
773 2292 825 2360 καί
847 2289 984 2387 ἄρχουσι
998 2286 1189 2385 Ῥωμαϊκοῖς
1204 2290 1358 2386 ’διαλεγί-
1473 2369 1474 2380 ἵ

237 2453 342 2522 μενος.
383 2429 540 2500 Primum
554 2430 596 2499 de
611 2428 757 2500 ducibus
773 2428 983 2500 Othonianis
1003 2430 1224 2501 enuntiatum
1243 2434 1357 2500 trans-

236 2566 307 2637 itus
334 2586 443 2636 cansa
466 2565 632 2637 infertum
655 2572 723 2637 est:
749 2566 938 2637 eiusmodi
965 2567 1058 2636 enim
1084 2566 1296 2655 interposita
1323 2571 1360 2635 et

237 2704 398 2793 opposita
421 2703 562 2792 saepius
581 2709 780 2775 occurrunt.
822 2704 939 2793 Atque
953 2703 1019 2772 hoo
1033 2703 1173 2791 quidem
1186 2700 1274 2781 loce,
1294 2701 1358 2769 ubi

236 2842 420 2932 utriusque
439 2842 614 2912 exercitus
633 2842 738 2912 duces
756 2841 916 2930 opponit,
944 2857 1024 2908 eum
1039 2838 1080 2906 de
1099 2835 1247 2906 Othonis
1268 2834 1360 2906 nibil

237 2978 324 3049 mali
360 2985 576 3067 compertum
611 2978 775 3058 baberet,
816 2975 905 3046 illud
941 2975 1095 3043 inserere
1129 2972 1255 3062 potuit.
1307 2973 1360 3042 Iis

237 3137 343 3198 vero,
379 3136 467 3206 quae
495 3117 537 3185 de
565 3113 718 3186 Caecina
745 3111 897 3201 exponit,
926 3109 1053 3181 Tacito
1079 3110 1229 3200 quodam
1257 3113 1358 3181 modo

341 3299 366 3365 1)
400 3295 539 3351 Krauss
558 3293 675 3365 quidem
687 3311 714 3365 p.
724 3291 758 3346 12
771 3307 807 3346 ox
819 3291 962 3364 peculiari
977 3292 1059 3346 fonte
1072 3291 1129 3346 hoe
1140 3292 1280 3346 haustum
1293 3311 1359 3349 esse

237 3385 357 3442 iudicat.
395 3384 454 3440 Sed
476 3400 543 3438 eum
565 3398 625 3434 una
647 3384 764 3434 tantum
780 3377 886 3434 relatio
903 3395 976 3434 vera
994 3394 1060 3432 esse
1083 3377 1178 3448 possit
1201 3383 1232 3433 et
1256 3378 1359 3434 'Pacilo

238 3471 328 3526 fidem
350 3468 517 3524 habendam
541 3482 606 3521 esse
633 3482 686 3538 per
713 3481 745 3518 se
773 3469 921 3536 appareat,
948 3480 1043 3534 neque
1072 3481 1114 3533 ea,
1143 3481 1218 3534 quae
1244 3464 1359 3518 Krauss

239 3556 277 3612 ad
302 3555 487 3627 explioannm
509 3551 628 3624 profert,
651 3549 801 3622 probanda
823 3549 980 3605 videantur
1002 3552 1113 3618 (orasse
1142 3548 1221 3604 enim
1242 3549 1360 3614 milites,

238 3647 272 3696 ut
291 3638 453 3714 eruptionis
470 3637 623 3694 faciendae
635 3636 762 3692 incultas
775 3635 829 3692 sibi
845 3637 974 3706 daretur,
989 3635 1040 3690 vix
1053 3640 1099 3690 est
1111 3634 1266 3705 credibile),
1285 3652 1361 3706 quae

240 3727 318 3798 apud
341 3725 533 3780 Plutarchum
552 3729 670 3779 exstant
686 3740 806 3794 prorsus
819 3728 889 3777 sumt
904 3721 1093 3795 repudianda.
1123 3721 1228 3792 Itaque
1240 3721 1362 3776 inventa

240 3812 367 3870 suntab
391 3811 497 3883 aliquo,
520 3811 568 3865 eui
588 3810 687 3866 ieiuna
708 3809 820 3864 veritas
840 3826 901 3864 non
924 3807 1085 3878 sufficerem
1108 3807 1271 3864 fortassee
1293 3807 1361 3862 Plu-

239 3897 342 3953 tarcho
360 3897 433 3970 ipso.

340 3985 367 4051 2)
402 3983 506 4054 Neque
523 3981 587 4038 veri
605 3980 708 4049 simile,
727 3981 805 4052 quod
824 3979 932 4035 Clason
949 3997 976 4050 p.
994 3980 1028 4033 52
1046 3979 1111 4034 adn.
1129 3975 1275 4046 Poonieit,
1287 3977 1362 4032 haec

240 4089 277 4126 ex
299 4069 343 4139 iis,
366 4087 442 4142 qnae
465 4068 586 4124 Tacitus
608 4069 645 4124 de
670 4067 887 4140 amphitheatro
907 4071 1012 4121 exusto
1030 4071 1137 4134 narret,
1157 4070 1221 4120 orta
1240 4068 1269 4118 et
1286 4064 1362 4120 falso

240 4157 277 4212 ad
300 4162 393 4211 totam
414 4155 517 4211 urbem
541 4156 636 4209 relata
655 4171 717 4209 esse
737 4171 760 4209 σ.
778 4153 821 4222 21,
838 4153 855 4207 3
870 4154 1052 4220 pulcherrimum
1070 4153 1238 4219 amphitheatri
1254 4169 1312 4216 opus
1333 4156 1363 4204 et

239 4261 266 4302 V.
283 4244 302 4297 9
319 4243 383 4312 quod
398 4244 467 4296 nulla
484 4245 508 4294 ite
525 4242 602 4294 Italic
619 4242 690 4293 nieles
709 4251 756 4292 tam
774 4257 855 4307 rapae
863 4241 939 4305 foret.
