3018 4796
250 247 295 315 32
1097 252 1139 321 G.
1170 253 1228 333 22,
1255 271 1373 330 ae-er.

249 448 476 540 umbramque
497 453 614 541 potuit
640 455 817 543 appellare
836 455 986 537 Galbae,
1012 454 1096 544 quia
1123 457 1168 525 ab
1195 456 1262 526 hoc
1280 457 1374 526 Ver-

248 586 356 692 ginio,
385 609 487 678 quem
517 609 635 659 omnes
662 597 880 674 amaverant,
908 591 1035 662 missus
1070 598 1148 662 erat
1174 612 1370 664 successor.

123 777 127 790 ,
246 724 363 813 Atque
390 727 482 815 quod
514 727 676 816 pergitur
709 749 743 800 v.
775 729 934 798 22--21
972 729 1100 826 ἡμέρας
1126 726 1163 798 δὲ
1190 733 1264 820 μιᾶς
1291 727 1367 798 ὁδὸν

246 859 429 956 ἀφέστηκεν
455 863 551 957 ἡμῶν
580 857 773 951 Οὐιτέλλιος,
800 867 816 933 ὁ
841 871 900 960 τῆς
925 865 1037 961 ἑτέρας
1059 867 1237 962 Γερμανίας
1267 865 1367 962 ηηού-

245 1022 350 1089 μενος,
386 1000 507 1095 πατρός
537 1024 573 1069 τε
603 1005 738 1096 τιμητοῦ
773 1002 826 1070 καί
851 1002 918 1098 τρίς
953 1002 1079 1071 ὑπάτου
1114 1005 1286 1096 γενομένου
1314 1003 1367 1073 καί

245 1129 403 1231 Κλαυδίῳ
431 1130 575 1232 Καίσαρι
608 1139 725 1234 τρόπον
759 1138 828 1208 τινὰ
860 1137 1084 1235 συνάρξαντος,
1119 1139 1217 1216 αὐτός
1242 1165 1278 1209 τε
1304 1139 1364 1235 τὴν

244 1270 495 1369 λοιδορουμένην
542 1270 592 1342 ὑπ’
635 1272 728 1344 ἐνίων
778 1278 890 1344 πενίαν
931 1274 1045 1370 δεῖγμα
1085 1275 1233 1372 λαμπρὸν
1279 1275 1366 1371 ἔχων

244 1409 466 1504 χρηστότητος
501 1411 554 1478 καὶ
590 1410 889 1508 μεγαλοφροσύνης,
927 1415 1142 1486 Plutarchus
1182 1379 1365 1486 Vitellium

243 1545 347 1616 nnius
381 1546 450 1616 diei
490 1545 558 1617 iter¹
597 1547 730 1618 afuisse
768 1570 811 1618 ex
844 1551 969 1620 Tacito
996 1572 1033 1621 c.
1073 1552 1131 1634 56,
1170 1553 1216 1622 10
1249 1552 1364 1640 potuit

243 1682 430 1771 conligere,
459 1683 518 1772 qui
546 1684 704 1772 sequenti
738 1684 808 1753 iam
834 1690 936 1754 nocte
967 1688 1127 1755 nuntium
1155 1686 1362 1758 defectionis

243 1820 288 1889 ad
315 1819 414 1890 illum
432 1819 570 1891 venisse
596 1820 722 1908 tradit;
750 1820 933 1891 Vitellium
952 1820 1129 1890 inferioris
1149 1822 1362 1891 Germaniae

245 1957 402 2046 legatum
429 1956 538 2027 fuisse
565 1963 600 2026 et
625 1975 688 2046 per
714 1977 751 2026 se
778 1959 965 2028 constabat
983 1964 1018 2027 et
1044 1957 1209 2028 aTacito
1233 1957 1365 2026 dictum

246 2098 300 2163 est
335 2114 364 2163 c.
404 2094 436 2178 9,
475 2097 496 2162 4
534 2115 583 2183 sq.
629 2099 792 2186 illlecebris
834 2095 1023 2164 Germom‘ue
1064 2068 1208 2190 legiones
1246 2093 1368 2162 de'nlles

197 2313 198 2318 ρ
244 2235 314 2300 stole
353 2231 465 2305 eonmel
486 2235 518 2298 e‘
551 2233 654 2322 silere,
698 2229 795 2300 delier
835 2237 936 2300 ulisse
978 2229 1099 2300 deltae
1139 2231 1174 2300 e.
1224 2227 1366 2299 Ve'lelle'es

241 2366 355 2437 ederet
386 2373 420 2437 et
455 2388 485 2437 o.
521 2367 580 2450 52,
617 2371 633 2436 1
671 2365 730 2436 sel
764 2372 852 2458 ipses
886 2373 1064 2460 crepere'orls
1096 2373 1177 2436 erem
1208 2364 1369 2436 dolendos·

244 2502 427 2575 Decembres
478 2504 581 2575 deles
631 2502 772 2574 Ve'lelle'es
822 2504 1003 2598 dissertorem
1060 2503 1264 2573 Germaniam
1311 2509 1362 2570 e'n-

239 2663 387 2736 gresses.
441 2642 538 2711 idem
571 2641 684 2730 patris
711 2641 847 2711 Vitellii
880 2641 1072 2730 dignitates
1099 2641 1153 2710 bis
1186 2638 1365 2728 significat

243 2799 272 2848 c.
314 2781 347 2860 9,
392 2779 412 2848 6
454 2784 594 2848 certamus
634 2775 749 2847 Ve'lelle'e'
780 2802 817 2848 ue
858 2782 906 2847 ler
950 2779 1091 2848 eoeeceel's
1131 2777 1222 2871 sillem
1261 2783 1295 2846 et
1333 2797 1361 2858 c,

243 2918 301 2998 52,
344 2917 388 2986 23
431 2935 481 3003 sq.
530 2913 649 2984 Velelllo
689 2919 753 2984 tres
788 2917 896 3007 pulm's
939 2915 1135 3004 eoeeselelns,
1180 2934 1361 2998 cerasorum,

241 3054 413 3148 collegium
452 3051 598 3122 Caesaris
631 3107 639 3122 .
671 3108 677 3122 .
710 3107 716 3121 .
753 3057 915 3144 imponere
953 3050 1172 3146 digeeele'onem
1195 3046 1232 3148 ¹).
1286 3051 1362 3122 Hoc
1478 3107 1479 3110 ,

243 3191 320 3264 loco
347 3190 498 3261 Fabium
517 3189 712 3272 Valentem,
740 3189 895 3276 legatum
914 3188 1048 3276 primae
1066 3188 1226 3276 legionis
1254 3187 1363 3258 Vitel-

241 3328 328 3398 lium
355 3327 581 3415 instigantem
609 3325 707 3408 facit,
736 3345 803 3414 quo
830 3325 1062 3396 Plutarchum
1095 3324 1361 3395 adorationem

243 3464 442 3554 fingendam
469 3468 678 3533 commotum
705 3481 780 3532 esse
807 3426 972 3545 arbitror,
1001 3463 1052 3532 ita
1075 3465 1203 3546 tamen,
1230 3467 1362 3532 utnon

345 3649 369 3714 1)
405 3645 513 3701 Mirum
536 3650 593 3716 est,
618 3644 696 3716 quod
718 3645 905 3714 Plutarchus,
929 3643 979 3715 qui
1000 3659 1023 3696 c.
1044 3642 1145 3710 21,12
1166 3661 1226 3698 non
1249 3643 1364 3697 dubitat

243 3732 369 3804 Vinium,
388 3732 500 3788 Galbae
522 3730 554 3786 in
576 3730 732 3785 consulatu
758 3730 909 3800 collegam,
939 3727 1087 3798 appellare
1109 3723 1289 3805 συνάρχοντα,
1315 3728 1362 3782 hic

244 3818 326 3872 addit
353 3811 454 3894 τρόπον
476 3812 543 3872 τινά.
589 3817 654 3882 Qua
681 3833 713 3869 re
737 3832 804 3869 eum
828 3815 907 3868 aliud
941 3813 1011 3884 quid
1047 3813 1230 3869 intellexisse
1266 3817 1360 3883 atque,

245 3921 311 3958 cum
347 3904 467 3958 Tacitus
504 3901 701 3971 consulatum,
737 3893 904 3968 censuram,
944 3897 1101 3970 collegium
1136 3899 1268 3954 Caesaris
1305 3915 1364 3952 uno

245 3995 345 4044 tenore
367 3995 401 4044 ut
422 3990 479 4044 tria
502 4006 625 4044 munera
649 3987 770 4050 adferat,
795 4003 861 4040 eum
885 3984 941 4038 hoc
962 3985 1039 4039 male
1061 3985 1250 4056 perspexisse
1273 3989 1303 4039 et
1326 4001 1362 4038 ex

245 4075 369 4146 collegio
402 4075 536 4131 Caesaris
572 4073 745 4129 societatem
779 4069 925 4143 quandam
959 4069 1074 4142 imperii
1103 4070 1201 4124 facere
1232 4070 1361 4126 voluisse

245 4161 385 4234 suspicor.
412 4161 562 4216 Vitellium
575 4159 689 4216 Claudii
702 4157 836 4214 Caesaris
855 4156 980 4212 amicum
998 4155 1091 4212 fuisse
1110 4155 1183 4209 satis
1201 4156 1361 4211 constabat.
