3018 4796
125 310 162 382 Ο.
193 310 226 393 3,
252 325 364 382 ac-ee.
1193 307 1239 378 85

123 515 283 588 Tacitum
302 511 420 584 omnia
439 512 610 586 delevisse
628 512 818 595 contendit,
845 513 937 584 unde
956 512 1130 586 Othonem
1148 513 1241 585 inter
1308 573 1310 576 .

126 660 277 723 senatum
312 656 349 721 et
382 651 550 738 populum
583 649 781 740 militesque
815 649 1006 722 fluctuasse
1039 656 1239 739 appareret.

124 789 175 861 lix
200 787 394 860 Plutarcho
413 807 498 859 vero
521 786 558 856 id
576 787 706 876 optime
725 787 862 857 elucere
881 792 1008 858 censet.
1056 787 1126 858 Sed
1144 789 1239 860 nullo

123 927 194 997 iure
206 923 432 1015 paucissimis
445 922 551 994 buius
565 923 684 996 verbis
702 929 839 995 tantam
851 924 979 995 tribuit
992 923 1075 997 vim.
1104 924 1240 996 Milites

126 1064 210 1133 enim
235 1061 411 1133 Othonem
435 1061 611 1132 amavisse
630 1068 670 1131 et
693 1060 922 1150 optimatibus
940 1059 1076 1132 diffisos
1095 1081 1171 1132 esse
1192 1075 1240 1134 ne

132 1199 264 1270 Tacitus
291 1198 432 1288 quidem
460 1197 592 1268 omittit
618 1193 670 1294 (h.
700 1201 733 1280 1,
763 1197 821 1280 80,
851 1197 872 1269 9
897 1200 1009 1284 tremit
1034 1199 1161 1269 mites..
1192 1253 1199 1269 .
1230 1252 1238 1270 .

132 1340 272 1429 tanquan
308 1389 315 1405 .
355 1388 363 1404 .
401 1388 408 1402 .
444 1337 674 1417 αινπυααυίιιι·;
708 1355 737 1404 c.
774 1335 832 1416 853
869 1335 888 1403 7
922 1334 1072 1428 maligna
1099 1355 1178 1405 curo
1204 1341 1239 1405 to

129 1493 239 1560 oratus,
266 1492 342 1566 qnos
368 1469 520 1541 nobilitas
537 1473 595 1541 ortt
611 1492 686 1562 opes
703 1473 762 1541 out
785 1470 897 1566 aliquo
915 1476 1059 1566 insignis
1077 1471 1236 1551 claritudo

132 1606 307 1677 uictoribus
330 1606 499 1697 chamot)
528 1609 588 1678 sed
615 1627 694 1678 cum
718 1608 890 1691 omnibus,
914 1627 1005 1698 quoe
1023 1609 1159 1699 aliquid
1176 1631 1238 1682 va·

137 1744 221 1827 lent,
253 1745 391 1833 prolatis
426 1745 551 1816 lectori
587 1744 798 1829 committat,
835 1755 875 1816 ut
910 1745 1081 1817 iudicium
1116 1746 1238 1831 faciat,

136 1881 330 1952 Plutarchus
363 1883 438 1971 ipse
471 1883 623 1972 quodam
654 1883 755 1952 modo
782 1883 925 1952 lectoris
953 1882 1031 1972 agit
1056 1889 1177 1972 partes
1204 1890 1239 1955 et

130 2038 211 2108 quae
241 2019 387 2090 Tacitus
418 2039 488 2090 non
515 2019 584 2089 nisi
610 2019 737 2090 leniter
764 2017 943 2106 significat
969 2019 1067 2089 molli
1094 2022 1238 2111 exponit

124 2155 343 2246 loquacitate.
385 2157 439 2227 Ac
458 2175 535 2226 cum
553 2175 683 2227 novam
701 2176 769 2226 non
788 2155 929 2226 adferat
946 2157 1141 2242 meilocon,
1160 2158 1236 2229 eius

127 2294 210 2364 nodi
234 2294 486 2364 additamentis
505 2313 732 2383 nequaquam
756 2293 920 2378 efficitur,
949 2294 1058 2364 alium
1076 2294 1109 2365 ei
1127 2294 1237 2366 fuisse

127 2429 253 2504 fontem.
311 2431 502 2503 Numerum
530 2432 773 2502 centurionum
801 2451 823 2501 a
849 2431 1021 2502 militibus
1040 2433 1237 2504 occisorum

122 2569 162 2637 ab
186 2567 253 2640 alio
285 2574 431 2639 auctore
457 2569 596 2658 petivit.

117 2725 146 2777 v.
166 2706 318 2777 25-28
333 2705 386 2774 καὶ
398 2702 577 2796 πυθόμενοι
593 2701 666 2800 παρ’
685 2703 777 2800 αὐτῷ
828 2725 858 2774 c.
889 2706 947 2792 81,
978 2709 996 2776 1
1022 2707 1094 2776 croi
1119 2704 1236 2776 ottone·

113 2841 246 2912 δειπνεῖν
302 2840 497 2938 ἀγδοήκοντα
546 2839 777 2937 συγκλητικοὺς
826 2839 949 2913 celebre
974 2847 1151 2914 murciam
1164 2849 1237 2936 pri·

111 2979 264 3077 ἐφέροντο
316 2979 398 3076 πρὸς
436 2979 477 3049 col
517 2975 683 3076 βασίλεια,
723 2983 777 3050 νῦν
830 2977 971 3050 moribus
986 2982 1118 3074 semitrio
1139 2986 1237 3051 orreo-¹v

108 3117 213 3214 καιρὸν
225 3117 312 3186 εἶναι
326 3115 472 3211 λέγοντες
482 3116 515 3184 ἀν
529 3114 639 3212 ταύτῷ
652 3115 776 3190 πάντας
828 3137 899 3209 que.

111 3253 236 3325 ἀνελεῖν
264 3252 343 3329 τοὺς
370 3248 539 3350 Καίσαρος
564 3250 749 3345 πολεμίους.
794 3245 798 3348 Ι

111 3391 305 3464 Numerum
332 3391 479 3464 Tacitus
508 3411 550 3461 ne
582 3390 641 3460 hic
667 3390 806 3481 quidem
834 3395 968 3460 curat·
1000 3391 1125 3481 Pergit
1151 3393 1234 3464 Plu·

110 3532 272 3601 tarchus:
398 3555 399 3562 ¹

206 3689 250 3740 v.
263 3664 415 3736 28-39
429 3667 466 3760 ἡ
485 3662 544 3757 μὲν
563 3661 618 3733 οὖν
636 3662 729 3738 πόλις
740 3666 794 3738 ’ὡς
813 3661 925 3732 αὐτίκα
942 3661 1235 3762 διαρπαγησομένη

106 3801 255 3901 θόρυβον
286 3801 357 3895 εἶχε
384 3800 495 3888 πολύν,
530 3799 563 3870 ἐν
591 3798 627 3870 δὲ
653 3805 719 3875 τοῖς
753 3797 925 3896 βασιλείοις
950 3799 1035 3894 ἦσαν
1063 3798 1235 3897 διαδρομαὶ

105 3941 242 4010 καὶτὸν
275 3931 414 4008 Ὄθωνα
449 3937 538 4033 δεινὴ
573 3935 815 4040 κατελάμβανεν
851 3936 998 4033 ἀπορία.Η
1032 3934 1235 4034 φοβούμενος

107 4077 163 4176 γὰρ
193 4075 286 4172 ὑπὲρ
313 4082 378 4144 τῶν
406 4073 532 4170 ἀνδρῶν
550 4074 646 4150 αάτδς
670 4074 712 4168 ἠν
741 4072 883 4171 φοβερὸς
910 4073 1048 4158 ἐκείνοις,
1073 4074 1125 4144 καὶ
1151 4075 1233 4171 πρὸς

105 4217 201 4286 αὑτὸν
217 4214 468 4308 ἀνηρτημένους
488 4195 580 4307 ἐώρα
597 4218 666 4287 ταῖς
685 4210 796 4305 ὄψεσιν
816 4210 976 4287 ἀναύδους
994 4213 1046 4282 καὶ
1063 4211 1231 4309 περιδεεῖς,
