3018 4796
156 330 199 400 G.
229 329 287 407 19,
314 343 390 398 c-a.
1225 321 1272 394 19
1415 395 1429 437 e

156 539 191 603 et
222 551 250 602 c.
291 533 347 613 16,
385 532 430 600 18
469 526 582 598 audito
626 525 795 618 adoptione
839 525 984 596 desinam
1024 525 1127 598 uideri
1164 547 1273 617 sunau,

152 644 239 762 pund
277 689 361 736 ritino
400 662 484 734 mitt
524 685 620 732 tiranni
661 660 806 733 obicitur.
871 664 925 733 De
971 663 1123 734 orbitate
1165 683 1274 754 quan·

154 826 260 894 quam
283 804 378 892 apud
406 819 482 872 eum
510 800 597 870 nihil
624 807 752 881 exstat,
781 800 897 890 quivis
924 821 967 870 ex
995 821 1129 871 conexu
1155 821 1276 872 rerum

28 1027 35 1044 .
153 942 273 1033 potuit
309 941 525 1011 concludere.
585 938 747 1008 ceterum
785 956 873 1027 quas
909 937 1123 1009 Plutarchus
1158 938 1277 1010 adfert

159 1099 299 1161 causas,
316 1098 376 1148 eae
389 1077 578 1165 ineptiores
594 1082 684 1145 sunt.
717 1075 838 1164 Neque
852 1074 955 1158 enim,
973 1081 1013 1146 ut
1032 1075 1222 1146 senectutis
1241 1082 1277 1146 et

160 1214 321 1287 orbitatis
351 1213 582 1302 ignominiam
609 1211 798 1301 effugeret,
827 1212 943 1283 Galba
974 1211 1087 1284 filium
1120 1213 1188 1284 sibi
1215 1214 1276 1282 ad·

157 1351 313 1442 sumpsit,
342 1351 403 1420 sed
429 1355 471 1421 ut
498 1350 693 1420 adiutorem
720 1349 868 1419 haberet
890 1349 927 1418 in
946 1354 1045 1419 tanto
1073 1349 1275 1421 discrimine

153 1509 282 1560 rerum.

260 1640 399 1710 Deinde
438 1640 650 1712 Plutarchus
693 1659 804 1728 usque
846 1641 890 1710 ad
930 1639 1034 1712 finem
1071 1661 1101 1711 c.
1145 1641 1191 1712 20
1234 1643 1276 1712 de

162 1777 297 1849 Othone
328 1777 413 1866 agit.
468 1777 614 1848 Tacitus
646 1796 783 1865 quoque
814 1778 934 1848 eodem
965 1797 1098 1848 conexu
1130 1774 1177 1874 (c.
1213 1773 1278 1876 13)

161 1914 264 1985 huius
290 1913 401 1986 vitam
428 1920 464 1983 et
489 1933 603 1987 mores
628 1913 806 1995 describit,
834 1920 869 1984 et
898 1915 1041 1987 brevius
1065 1935 1176 2004 paene
1206 1936 1277 1986 om-

155 2051 215 2121 nia
249 2050 410 2133 exhibet,
448 2070 538 2139 quae
574 2071 596 2120 a
635 2050 828 2121 Plutarcho
864 2051 1007 2122 uberius
1043 2013 1275 2140 exponuntur.

153 2190 304 2277 Propter
336 2187 483 2260 nimiam
509 2207 594 2260 vero
622 2187 697 2257 eius
723 2187 935 2262 brevitatem
961 2209 1030 2260 non
1056 2189 1275 2274 crediderim,

155 2325 387 2396 Plutarchum
413 2325 501 2394 haec
527 2345 570 2394 ex
592 2343 644 2395 eo
678 2324 729 2394 ita
763 2325 940 2409 hausisse,
972 2330 1013 2396 ut
1045 2326 1120 2406 eius
1153 2347 1277 2399 narra·

161 2461 289 2531 tionem
323 2461 423 2550 quasi
463 2462 675 2532 distenderet
707 2469 741 2532 et
768 2462 1016 2534 additamentis
1043 2463 1277 2552 amplificaret

159 2639 211 2650 -
253 2598 288 2668 id
335 2600 424 2687 quod
471 2598 601 2669 Olason
643 2619 676 2687 p.
721 2599 740 2668 7
791 2599 993 2670 existimare
1038 2599 1180 2673 videtur
1231 2640 1271 2651 —

157 2736 218 2808 sed
243 2740 383 2806 secutus
407 2741 460 2806 est
485 2736 594 2806 alium
617 2734 748 2806 fontem
772 2741 877 2825 atque
896 2737 1053 2821 eundem,
1073 2737 1134 2827 qui
1148 2736 1276 2809 Tacito

155 2876 297 2961 praesto
313 2878 401 2942 erat.
437 2873 587 2942 Textum
603 2873 786 2962 utriusque
804 2874 862 2946 vel
881 2873 995 2944 obiter
1012 2874 1043 2944 si
1061 2875 1278 2966 inspicimus

62 3002 66 3011 ’
163 3009 199 3079 id
224 3014 381 3099 apparet.
436 3009 566 3081 Ordine
593 3009 685 3081 eninr
712 3017 860 3082 utuntur
885 3031 996 3100 paene
1024 3013 1161 3084 eodem:

157 3237 191 3287 v.
216 3216 311 3288 6-8
338 3215 380 3310 ἦν
409 3213 445 3284 δὲ
476 3209 612 3311 Μάρκος
640 3209 765 3302 Ὄθων,
819 3238 848 3288 c.
879 3217 935 3301 13,
967 3219 1113 3290 12-13
1142 3241 1279 3312 rinmunt

156 3351 239 3449 ἀνὴρ
259 3353 345 3446 γένει
359 3351 417 3445 μὲν
432 3353 488 3422 οὐκ
502 3353 638 3448 ἀφανής,
656 3361 766 3450 τρυφῇ
823 3353 900 3424 dito
929 3359 1105 3448 pitanitium
1136 3359 1277 3426 irroratio-

155 3487 193 3558 δὲ
206 3491 261 3559 καὶ
275 3489 474 3586 φιληδονίαις
484 3489 582 3566 εὐθὺς
597 3489 631 3560 ἐκ
640 3490 765 3560 παίδων
818 3513 862 3574 oc,
898 3491 1146 3562 odrdcscentiurn
1182 3495 1276 3584 petu-

155 3623 190 3692 ἐν
202 3621 764 3724 ὀλίγοις(Ρωμαίωνδιεφθαρμένος.
786 3621 790 3725 Ι
819 3629 925 3698 iunior
951 3632 1073 3724 egerat.

155 3831 340 3904 Sententia
366 3835 440 3904 fere
457 3835 579 3905 eadem
606 3839 670 3916 est,
698 3832 759 3904 sed
777 3833 924 3905 Tacitus
945 3835 986 3906 de
1006 3840 1109 3924 gente
1128 3834 1278 3906 Othonis

153 3973 262 4040 tacet.
291 3992 326 4043 v.
357 3974 483 4042 8--14
510 3970 726 4042 Plutarchus
753 3973 795 4041 de
821 3972 987 4061 Poppaea
1013 3991 1160 4043 narrare
1187 3972 1278 4044 ordi-

154 4111 216 4177 tur
242 4112 279 4176 et
304 4107 437 4196 pergit:

1092 4347 1215 4404 a·

1059 4411 1074 4444 .
