3018 4796
239 239 285 309 72
670 293 672 301 s
1115 239 1157 308 G.
1188 239 1246 320 29,
1265 256 1358 310 c-rc

237 391 338 514 Ηάοο
362 442 467 532 plane
494 441 563 513 sibi
589 443 811 532 respondent.
876 443 1002 516 Getcra
1029 463 1107 512 cum
1135 462 1179 511 ex
1205 441 1359 514 arbitrio

238 585 425 669 componat
433 580 658 662 Plutarchus
673 585 830 652 nontam
845 579 1015 650 iudicium
1027 578 1163 668 profert
1177 579 1219 648 de
1231 580 1360 662 Galba,

237 737 343 807 quam
378 716 490 789 uitam
527 716 602 788 eius
635 717 792 789 breviter
822 717 1076 806 complectitur.
1141 718 1242 800 Quod
1273 715 1362 787 dicit

234 875 267 926 v.
297 855 421 925 5-10
450 855 536 922 ὥστε
576 859 619 950 τῇ
654 851 732 948 δόξη
768 851 891 944 μᾶλλον
924 853 946 948 ἢ
974 859 1017 948 τη
1044 852 1180 944 δυνάμει
1207 849 1360 922 καθελὼν

196 967 205 976 ξ
234 984 377 1086 Νέρωνα
402 999 467 1060 τῶν
496 987 790 1081 συνεπιτιθεμένων
817 991 890 1060 τότε
914 988 988 1066 τοὺς
1016 988 1075 1081 μὲν
1103 988 1211 1066 οὐδεὶς
1237 988 1361 1084 ἠξίωσε

234 1133 294 1223 τῆς
320 1127 509 1222 ἡγεμονίας,
544 1122 573 1196 οἱ
604 1124 628 1194 δ’
669 1127 806 1202 ἑαυτούς
844 1125 1045 1221 ἀπηξίωσαν,
1083 1123 1217 1222 Γάλβας
1245 1124 1361 1196 δὲκαὶ

133 1232 134 1238 ¹
235 1260 370 1358 κληθείς
395 1265 449 1332 καὶ
476 1263 661 1339 ὑπακούσας
689 1262 895 1360 αὐτοκράτωρ
922 1263 975 1332 καί
999 1269 1043 1359 τῇ
1068 1256 1234 1339 Οὐίνδικος
1257 1261 1362 1355 ἐμπα-

238 1403 371 1496 ρασχὼν
386 1400 488 1494 ὄνομα
500 1400 617 1496 τάλμη,
630 1403 751 1497 κίνημα
764 1401 816 1470 καὶ
833 1401 1049 1497 νεωτερισμὸν
1065 1400 1163 1470 αὐτοῦ
1182 1400 1362 1496 λεγομένην

237 1537 296 1632 την
322 1536 499 1607 ἀπόστασιν
527 1538 664 1634 ἐποίησε
690 1537 835 1630 πόλεμον
861 1537 1015 1634 ἐμφύλιον
1035 1536 1150 1634 ἀνδρὸς
1167 1540 1361 1633 ἡγεμονικοῦ

239 1679 404 1770 τυχοῦσαν
434 1676 501 1746 hoc
534 1676 626 1748 idem
660 1681 714 1747 est
747 1677 839 1765 quod
866 1697 895 1746 c.
926 1676 991 1758 49,
1025 1675 1080 1748 18'
1106 1681 1209 1748 naaion
1232 1679 1362 1769 privato

240 1817 338 1904 uisus,
365 1811 440 1882 clam
468 1815 618 1904 pravatus
644 1814 723 1906 luit,
757 1815 789 1882 et
813 1818 955 1882 emericum
981 1834 1136 1882 cmcocosu
1164 1834 1271 1905 repca
1298 1819 1361 1884 ina·

234 1953 331 2042 μαλ’,
358 1954 425 2018 nisi
449 1951 647 2042 imperasset,
677 1950 738 2020 sed
765 1969 844 2020 cum
863 1948 1011 2020 Tacitus
1038 1949 1194 2020 moribus
1223 1951 1359 2022 Galbae

238 2085 427 2176 diligenter
442 2086 653 2158 examinatis
673 2107 736 2157 cur
754 2087 920 2175 aequales
939 2087 975 2157 id
990 2086 1164 2157 senserint
1182 2087 1224 2160 de
1244 2088 1357 2158 Galba

238 2223 585 2312 explicarestudcat‚
613 2223 828 2294 Plutarchus
846 2223 980 2292 nullam
998 2222 1115 2293 adfert
1135 2243 1287 2294 causam.

340 2357 465 2448 Pergit
482 2359 628 2429 laudare
647 2380 681 2430 v.
704 2363 748 2430 11
760 2361 853 2430 -14
874 2356 951 2427 ὅθεν
980 2357 1041 2453 οὐχ
1068 2359 1178 2454 ἑαυτῷ
1196 2359 1239 2430 τά
1257 2361 1360 2456 πράγ-

239 2520 326 2587 ματα
349 2493 535 2592 λαμβάνειν,
569 2493 655 2564 ἀλλὰ
688 2494 811 2587 μᾶλλον
839 2495 954 2566 ἑαυτὸν
984 2497 1127 2588 οἰόμενος
1154 2495 1274 2588 διδόναι
1297 2504 1358 2573 τοῖς

238 2634 434 2728 πράγμασιν,
452 2631 565 2728 ἄρχειν
590 2631 683 2727 ἠξίου
701 2640 768 2702 τῶν
794 2632 856 2702 ὑπὸ
883 2628 1067 2726 Τιγελλίνου
1094 2634 1148 2704 καί
1176 2627 1357 2729 Νυμφιδίου

238 2765 529 2860 τετιθασευμένων,
555 2772 602 2844 ὡς
619 2767 773 2864 Σκηπίων
803 2769 885 2866 ἦρχε
903 2770 954 2837 καί
974 2766 1147 2868 Φαβρίκιος
1164 2773 1217 2840 καὶ
1235 2767 1361 2864 Κάμιλ-

238 2905 294 2983 λος
319 2913 385 2978 τῶν
412 2907 485 2975 τότε
504 2899 687 2998 Ῥωμαίων.
733 2907 800 2982 His
819 2927 862 2978 ea
882 2912 1100 2994 repetuntur,
1129 2929 1218 2998 quae
1237 2911 1280 2980 G.
1302 2911 1361 2992 2¹1,

241 3044 339 3114 5-8
367 3045 409 3113 de
436 3043 552 3114 Galba
579 3043 670 3114 dixit
701 3044 916 3132 Tacitusque
950 3045 1152 3116 accuratius
1185 3047 1362 3136 exposuit:

239 3187 390 3270 utroque
415 3181 506 3252 enim
531 3180 608 3255 loco
635 3182 798 3270 princeps
824 3201 893 3250 non
921 3201 1006 3254 suae
1033 3183 1094 3253 sed
1120 3183 1363 3272 reipublicae

241 3318 348 3389 saluti
380 3317 598 3394 consuluisse
625 3318 768 3388 dicitur.
822 3317 919 3401 cuae
953 3318 1040 3389 dicit
1071 3317 1286 3390 Plutarchus
1320 3323 1371 3392 (1ο

242 3455 417 3546 Tigellino
446 3460 481 3525 et
507 3454 740 3544 Nymphidio,
775 3454 819 3526 iis
846 3475 902 3525 res
929 3455 1168 3544 respiciuntur
1194 3431 1216 3528 a
1244 3458 1364 3529 Taciti

245 3592 391 3664 consilio
418 3593 556 3662 alienae
584 3592 644 3662 sed
668 3591 713 3660 ab
740 3590 801 3661 illo
829 3592 865 3662 in
892 3592 969 3664 vita
995 3593 1149 3663 Neronis
1173 3600 1361 3667 tractatae.

241 3731 353 3802 Addit
379 3728 528 3817 denique
554 3726 675 3816 aliqua
702 3729 861 3818 exempla
889 3749 933 3799 ex
958 3727 1109 3800 historia
1127 3727 1319 3830 sumpta1).

347 3912 372 3977 l)
407 3909 463 3964 His
482 3907 626 3979 exemplis
645 3925 711 3962 eam
729 3909 909 3964 senteutiam
927 3909 1094 3964 confirmari
1110 3915 1190 3982 puto,
1215 3931 1274 3984 qua
1292 3915 1364 3970 an-

244 4015 343 4052 sarum
357 3996 437 4052 vitae
449 3994 645 4050 Plutarcheae
657 4001 725 4066 post
737 3995 814 4050 vitas
826 3995 984 4068 parallelas
1004 3996 1187 4068 conscriptae
1199 3999 1266 4054 sint.
1286 4001 1364 4056 Sane

244 4082 361 4137 facilius
380 4079 521 4152 explicari
537 4085 643 4151 potest,
663 4098 714 4135 cur
731 4081 783 4135 illa
801 4081 923 4149 adferat,
943 4081 969 4135 si
987 4099 1055 4136 cum
1068 4100 1134 4136 cum
1151 4101 1200 4138 res
1213 4083 1364 4141 Romanas

243 4175 307 4224 tum
319 4168 424 4222 horum
436 4165 566 4222 virorum
578 4167 656 4222 vitas
668 4166 727 4221 iam
740 4173 828 4222 antea
840 4173 1057 4237 perscrutatum
1070 4185 1135 4224 esse
1150 4169 1365 4229 existimamus·
