3018 4796
297 1592 301 1596 ’
361 1493 569 1652 Accurate
610 1571 760 1653 definiri,
794 1587 882 1658 quac
922 1561 1118 1635 intercedat
1150 1558 1243 1630 ratio
1261 1557 1369 1626 .inter

260 1711 377 1781 Taciti
406 1711 489 1780 hist.
518 1709 651 1792 I—H,
681 1707 728 1778 50
762 1711 797 1778 et
830 1701 1016 1776 Plutarchi
1049 1699 1145 1772 vitas
1172 1693 1308 1766 Galbae
1335 1694 1371 1760 et

187 1943 190 1950 ¹
261 1844 425 1928 Othonis,
465 1845 569 1914 unius
585 1815 783 1932 cuiusque,
820 1841 881 1930 qui
915 1839 952 1908 in
978 1840 1135 1910 veterum
1162 1830 1373 1920 scriptorum

256 1979 413 2050 fontibus
439 1977 650 2068 indagandis
677 1981 854 2050 versatur,
880 1969 1068 2056 plurimum
1095 1969 1250 2037 interest.
1305 1965 1372 2036 To·

45 2127 48 2132 ’
135 2157 139 2162 -
256 2121 331 2186 tum
358 2118 449 2183 enim
477 2115 519 2179 de
547 2108 620 2178 illis
649 2108 784 2176 duobus
811 2103 1014 2174 auctoribus
1041 2102 1209 2178 iudicium
1235 2121 1279 2172 ex
1305 2101 1373 2171 hac

200 2255 201 2260 ’
256 2225 423 2338 nagnam
457 2250 595 2333 partem
629 2243 754 2330 pendet
793 2239 1007 2330 quaestione.
1068 2239 1183 2328 Atque
1224 2237 1371 2310 Tacitus

245 2381 399 2474 quidem
426 2380 659 2469 quaerendum
686 2383 740 2448 est
764 2381 884 2448 utrum
905 2375 1087 2446 habendus
1105 2376 1153 2445 sit
1170 2373 1370 2458 historicus,

261 2515 320 2602 qui
340 2516 489 2588 diversis
508 2520 691 2584 auctorum
708 2512 938 2583 relationibus
960 2512 1139 2602 perpensis
1158 2531 1221 2582 suo
1240 2511 1370 2584 iudicio

1 2669 2 2678 ¹
80 2679 83 2686 ⁴
257 2655 291 2718 et
316 2647 489 2736 peculiari
518 2649 657 2717 dicendi
684 2669 810 2738 genere
835 2669 891 2719 res
919 2653 1037 2738 gestas
1064 2648 1297 2731 enarraverit,
1325 2667 1372 2719 an
1421 2675 1425 2682 ·

255 2784 339 2854 libri
378 2784 454 2854 eius
493 2783 584 2854 nihil
623 2784 721 2854 aliud
761 2785 833 2855 sint
866 2785 935 2887 nisi
970 2785 1181 2875 antiquioris
1221 2786 1372 2857 alicuius

175 2936 187 2944 ·’
260 2921 438 3010 scriptoris
473 2941 560 3009 opus
595 2921 707 2991 denuo
736 2921 839 3010 quasi
864 2922 1013 3005 editum,
1041 2923 1129 2994 satis
1156 2922 1372 2994 inconditum

206 3067 209 3072 “
257 3047 293 3121 et
319 3057 525 3160 impolitum,
562 3077 605 3127 ne
631 3057 771 3128 dicendi
797 3059 936 3149 quidem
963 3079 1091 3148 genere
1117 3059 1264 3150 proprio,
1280 3080 1372 3132 corn·

9 3239 11 3248 Α
112 3237 115 3243 .
231 3188 419 3276 positum.
475 3191 685 3265 Plutarchus
720 3215 856 3284 quoque
889 3215 958 3284 qua
984 3196 1123 3267 ratione
1148 3215 1234 3268 usus
1262 3197 1309 3267 sit
1336 3197 1372 3266 in

181 3431 184 3436 .
261 3320 339 3394 vitis
357 3328 631 3412 conscribendis
650 3350 687 3400 re
705 3331 767 3402 illa
786 3331 973 3421 disquisita
991 3331 1097 3404 facile
1115 3333 1370 3424 cognoscimus.

166 3553 168 3560 y
209 3437 228 3542 ’,
264 3453 341 3537 Qua
359 3484 396 3534 re
432 3486 510 3536 cum
538 3471 646 3536 antea
673 3472 746 3538 tum
780 3469 951 3558 proximis
985 3470 1042 3541 his
1077 3471 1179 3542 annis
1214 3470 1371 3541 homines

260 3589 358 3660 docti
383 3595 415 3669 'u
437 3601 529 3674 hanc
556 3623 701 3674 causam
741 3604 931 3694 diligenter
970 3607 1230 3697 inquisiverunt
1256 3607 1369 3682 diver·

255 3726 464 3852 sissimaqu
486 3747 754 3830 proposuerunt.
809 3742 935 3832 Itaque
961 3764 1102 3827 vereor,
1129 3764 1173 3814 ne
1199 3745 1371 3817 audaciae

257 3863 387 3935 crimen
415 3869 565 3960 subeam,
594 3878 687 3966 quod
714 3897 788 3948 rem
815 3899 918 3969 saepe
945 3879 1016 3951 iam
1043 3885 1246 3965 tractatam,
1265 3903 1371 3974 quam

258 4001 354 4070 multi
383 4004 580 4084 absolutam
604 4020 743 4103 putant,
764 4014 891 4086 iterum
917 4021 1111 4087 retractare
1129 4020 1250 4102 audeo,
1269 4039 1369 4110 prae-

260 4137 371 4208 sertim
400 4161 479 4212 cum
507 4143 662 4221 homines
682 4152 836 4223 omnium
856 4153 1056 4224 doctissimi
1069 4156 1220 4228 maxima
1238 4155 1369 4228 fiducia

1167 4291 1179 4341 1
