2982 4794
110 297 152 370 Ο.
182 300 216 382 5,
247 318 322 372 e-s.
1182 300 1228 369 95

108 503 318 593 diligentius
344 509 524 587 memorat,
553 523 631 575 cum
656 505 892 596 praetorianis
918 525 997 576 enm
1028 513 1229 595 suspectum

108 641 221 712 fuisse
247 641 344 712 dicit.
399 640 567 714 Fortasse
586 663 629 712 ex
647 643 718 713 alio
743 643 840 714 sonte
852 637 879 740 ¹)
897 643 965 713 hoc
981 643 1148 714 haustum
1166 647 1229 725 est,

110 781 173 850 sed
199 784 316 874 potest
341 784 562 864 1111111111
589 779 866 866 additamentum
896 779 1007 870 ipsius
1032 779 1230 852 Plutarchi.

111 916 287 995 Othonem
296 915 388 989 enim
399 915 591 989 ludibrium
599 916 709 988 luisse
719 917 871 1016 militum
886 937 929 988 ex
940 921 1018 988 tota
1027 917 1231 990 narratione

111 1053 267 1124 Τ111111Ι
280 1054 438 1143 apparet.
479 1052 601 1126 Adicit
614 1055 829 1136 Plutarchus
844 1054 1016 1126 Othonem
1037 1062 1100 1125 aut
1117 1055 1232 1144 ipsum

111 1191 336 1262 Dolabellam
350 1195 413 1260 aut
427 1191 537 1262 alium
551 1211 653 1281 quem
667 1191 839 1276 timuisse,
853 1212 932 1264 curn
946 1212 1023 1262 eum
1038 1193 1231 1282 relegaret,

111 1329 179 1399 hoc
203 1348 274 1401 non
297 1317 563 1399 cu'm'Nissenio
587 1321 637 1424 (p.
659 1322 749 1425 506)
774 1349 818 1399 ex
834 1328 932 1399 ionte
950 1335 1153 1418 excerptum
1171 1331 1232 1402 sed

110 1487 154 1537 ex
181 1464 295 1555 ipsius
321 1465 462 1554 ingenio
490 1471 611 1536 natum
630 1465 848 1538 crediderim.
894 1465 972 1538 Hoc
997 1467 1136 1556 quidem
1154 1468 1231 1537 loco

112 1623 217 1674 sensu
236 1609 353 1674 caret:
373 1607 467 1674 11111
486 1603 577 1673 enim
597 1602 690 1676 Otho
708 1603 931 1675 Dolabellam
954 1604 1120 1693 seposuit,
1139 1605 1233 1696 quod

113 1742 238 1832 ipsum,
256 1761 328 1811 non
345 1739 438 1829 quod
456 1739 566 1814 alium
584 1741 773 1812 metuebat:
795 1717 899 1811 'Pieri
912 1746 1038 1830 potest,
1057 1746 1098 1813 ut
1116 1741 1233 1813 Taciti

120 1878 233 1951 verbis
261 1880 506 1970 propinquitate
541 1875 661 1948 Galbae
693 1878 865 1947 adductus
900 1878 957 1947 111.
1017 1877 1232 1949 Plutarchus

115 2014 247 2086 incerte
274 2019 310 2084 11
336 2013 438 2104 quasi
463 2015 601 2086 occulte
628 2033 684 2084 res
712 2011 913 2102 significare
939 2033 1008 2084 non
1035 2020 1146 2099 amat,
1170 2016 1232 2086 sed

111 2151 387 2241 simplicioribus
414 2150 527 2223 utitur
552 2142 672 2222 uerbis
700 2154 736 2220 et
762 2148 983 2223 clarioribus.

110 2311 147 2364 V.
179 2288 279 2358 e-8
313 2286 497 2381 κάταλέγων
536 2285 572 2356 δὲ
624 2307 654 2358 1.
684 2287 742 2371 88,
763 2291 786 2358 4
804 2288 956 2359 mullera
973 2286 1230 2385 magistratibus

11 2431 15 2523 i
114 2433 185 2492 τῶν
205 2421 238 2490 ἐν
256 2422 337 2493 τέλει
351 2423 575 2519 ’συνεκδήμους
623 2425 1138 2518 mugnumconsuloricmpnrtcm
1152 2421 1232 2495 otto

12 2529 13 2542 ἵ
119 2558 230 2638 ἔταξεν
244 2559 277 2628 ἐν
290 2562 412 2638 τούτοις
426 2561 478 2631 καὶ
491 2557 574 2630 lisb-
622 2581 685 2630 reon
700 2565 877 2656 participes
895 2564 953 2631 act
969 2565 1133 2632 ministros
1151 2559 1233 2634 betto

116 2719 182 2767 κιον
199 2696 252 2766 τὸν
270 2691 456 2770 Οὐιτελλίου
478 2697 572 2768 ἀδελ·
621 2697 832 2770 sedcomitnm
851 2705 955 2792 specie
971 2721 1078 2770 secum
1086 2673 1238 2796 repartiri

114 2835 185 2930 φόν,
212 2832 460 2942 οὔτελπροσθεὶς,
479 2833 571 2904 οὐδὲν
621 2832 716 2919 iubet,
730 2841 765 2906 ia
776 2843 850 2931 quis
863 2841 895 2908 et
905 2836 941 2908 L.
960 2835 1116 2909 Vitellium
1126 2839 1233 2910 codem

109 2971 189 3042 οὔτε
235 2970 378 3066 ἀφελὼν·
407 2972 450 3067 ἧς
501 2971 571 3066 εἶχε
620 2994 682 3066 qno
708 2973 1233 3070 111111111111111111111-

109 3115 212 3205 τιμῆς.
603 3113 699 3180 toris
719 3112 857 3206 fratrem
875 3125 933 3184 nec
958 3117 995 3184 nl
1019 3111 1130 3185 hostis.
1235 3117 1237 3125 ’

108 3248 211 3330 Quae
229 3266 340 3337 paene
358 3248 568 3319 adverbum
589 3254 797 3336 congruunt,
816 3249 885 3319 nisi
904 3250 996 3339 quod
1019 3250 1233 3321 Plutarchus

110 3390 308 3456 extremam
335 3384 546 3456 sententiam
573 3384 719 3457 mutatis
740 3385 911 3475 'exprimit
928 3387 1074 3460 uerbis.
1136 3389 1234 3472 Quae

219 3636 244 3704 1)
279 3635 327 3690 Ita
346 3635 487 3690 Krauss
508 3653 536 3708 p.
558 3636 582 3690 7.
605 3635 738 3690 Nissen
759 3655 786 3707 p.
809 3637 861 3698 518
879 3635 1013 3690 Tacitum
1030 3637 1157 3692 militum
1175 3656 1235 3694 non

110 3721 222 3776 fecisse
246 3713 535 3792 mentionem'putat,
553 3726 711 3776 ut'eorum
732 3721 763 3774 in
787 3709 940 3777 senatores
966 3722 1099 3778 furorem*
1118 3724 1236 3782 celaret.
1279 3789 1281 3798 χ

109 3807 198 3862 Haec
219 3806 523 3882 Nissenii.sententia
545 3818 612 3861 cum
631 3805 765 3862 doctrina
783 3807 847 3862 eius
865 3809 1011 3877 cohaeret,
1030 3827 1089 3880 qua
1106 3809 1236 3881 Tacitus,

111 3909 181 3946 cum
194 3909 380 3948 communem
394 3899 546 3948 auctorem
558 3893 746 3972 exscriberet,
764 3893 862 3966 omnia
875 3894 1024 3966 deleverit,
1042 3895 1121 3951 unde
1139 3895 1236 3951 inimi-

111 3978 185 4033 citia
201 3979 280 4033 inter
298 3984 435 4034 senatum
448 3983 478 4035 et
488 3976 605 4051 plebem
620 3979 788 4050 militesque
800 3985 978 4038 cerneretur.
1009 3981 1068 4036 Sed
1080 3997 1147 4036 cum
1164 3983 1237 4038 haec

109 4063 246 4122 Nissenii
264 4065 412 4130 sententia
430 4084 449 4120 a
469 4065 644 4122 Beclrurtsio
662 4083 694 4137 p.·
713 4067 747 4122 39
765 4084 808 4137 sq,
828 4067 901 4122 satis
919 4067 1047 4124 rshrtate
1059 4067 1106 4140 sit,
1124 4085 1168 4124 ne·
1179 4069 1237 4124 hoo

112 4150 235 4222 quidem
252 4151 317 4206 loco
335 4151 409 4206 illud
427 4155 635 4222 argumentum
652 4151 724 4206 ferri
735 4157 842 4224 potest.
879 4153 936 4208 Gur
952 4153 1072 4209 Tacitus
1085 4155 1162 4210 hano
1173 4171 1236 4210 rem

111 4253 172 4292 non
190 4236 394 4294 incredibilem
409 4237 546 4315 omiserit
562 4255 622 4293 non
644 4237 745 4309 liquet.
