3018 4796
249 269 294 342 28
1123 279 1166 350 G.
1198 281 1254 364 22,
1285 289 1359 344 1-o.

241 499 339 570 τορα.
383 473 539 548 Primam
557 499 701 550 causam
721 481 869 552 Tacitus
896 482 1074 572 significat
1100 489 1135 554 et
1158 484 1193 554 in
1209 484 1358 573 bracia-

245 613 339 684 tione
373 635 403 686 c.
434 619 455 685 5
483 615 559 685 init.
594 617 685 685 milas
719 617 864 688 urbanus
898 675 904 689 .
960 675 966 690 .
1024 673 1029 688 .
1061 625 1232 714 postquam
1259 643 1360 716 raeque

244 749 320 820 dori
344 750 528 822 douolioum
563 751 622 820 rud
650 759 776 823 uomirm
815 753 933 826 Galbae
964 763 1158 848 promissum
1198 814 1205 828 .
1248 812 1256 830 .
1300 813 1307 828 .
1351 813 1358 830 .

239 907 366 978 proauo
409 888 454 958 ad
493 889 593 960 rlouds
635 911 688 960 ros
728 897 773 962 et.
810 912 840 961 c.
878 893 936 978 18,
975 893 1021 964 13
1061 916 1111 984 sq.
1155 916 1216 987 prr·
1241 898 1359 966 celarat

243 1017 309 1120 (sc.
335 1019 481 1121 milites)
509 1029 669 1096 moestitia
703 1051 741 1097 ac
774 1027 948 1120 silentium,
982 1031 1136 1122 tauquam
1170 1034 1358 1124 usurpatam

243 1163 338 1230 aliam
378 1166 412 1230 iu
447 1183 529 1254 paca
567 1162 711 1234 donatiui
753 1167 969 1235 rrooassilolam
1008 1165 1090 1236 ballo
1130 1167 1357 1258 perdidissent,

242 1297 304 1366 ubi
330 1298 367 1366 in
394 1299 579 1387 adoptione
598 1306 772 1373 versatur.
819 1301 910 1372 Saue
935 1304 1027 1374 solos
1054 1303 1184 1374 milites
1205 1306 1359 1374 urbanos

242 1433 419 1523 intellegit
445 1455 557 1526 neque
584 1438 791 1510 donativum
817 1440 863 1510 ad
893 1439 1049 1529 legiones
1083 1461 1219 1531 quoque
1251 1442 1357 1530 perti·

241 1572 360 1642 nuisse
387 1572 489 1642 dicit:
517 1575 577 1644 sed
604 1574 670 1644 hoc
696 1595 765 1645 nou
792 1582 845 1645 est
870 1578 1105 1664 premendum.
1159 1579 1230 1649 Vix
1266 1578 1356 1650 enirn

243 1707 428 1790 credibile,
457 1707 688 1780 Plutarchum
722 1710 897 1782 diversam
938 1712 1103 1782 exhibere
1138 1715 1356 1785 relationem.

242 1845 401 1916 Alteram
419 1822 562 1916 causa‘m
586 1847 756 1919 habemus
783 1866 813 1916 c.
843 1845 876 1927 8,
908 1848 951 1914 14
977 1867 1027 1935 sq.
1056 1847 1125 1917 dria
1150 1849 1270 1938 deerat,
1299 1849 1357 1920 ab·

240 1982 333 2070 ducto
380 1980 527 2078 Verginio
562 2004 624 2075 per
663 1982 899 2052 simulationem
939 1985 1119 2068 omia-ilium
1164 2003 1255 2076 quem
1296 2006 1359 2054 riou

240 2123 362 2190 ramill’
403 2123 499 2214 aluum
536 2123 631 2189 aliam
676 2140 766 2188 ouum
804 2141 871 2189 osso
916 2121 1069 2212 tauquam
1105 2141 1199 2189 surium
1236 2123 1357 2190 oriorcu

200 2286 203 2293 ·
240 2254 439 2348 accipiebant
490 2263 526 2326 et
564 2277 593 2327 c.
635 2256 693 2341 53,
738 2257 780 2326 15
822 2261 856 2324 iu
907 2253 1090 2351 Verginium
1138 2259 1233 2350 soror
1284 2261 1358 2328 erri-

240 2415 374 2487 oumqua
413 2393 475 2464 alii
510 2394 713 2488 profuturus.
789 2393 857 2463 Sed
898 2393 1130 2476 PlutarchS,
1172 2393 1232 2482 qui
1270 2393 1359 2462 haec

241 2531 358 2603 omnia
384 2531 555 2602 militibus
574 2531 758 2613 attribuat,
785 2529 1014 2619 gravioribus
1040 2531 1154 2601 utitur
1180 2529 1298 2602 verbis
1325 2533 1360 2598 et

241 2669 340 2740 addit
366 2668 535 2757 Verginii·
554 2688 755 2756 cognomen,
785 2669 886 2756 quod,
917 2667 985 2736 etsi
1011 2668 1177 2738 aTacito
1204 2672 1359 2755 praeter·

243 2806 389 2876 missum
416 2811 479 2888 est,
506 2810 635 2886 tamen
651 2810 690 2876 ut
708 2805 778 2877 viri
797 2804 1027 2886 celeberrimi,
1047 2824 1148 2892 quem
1171 2803 1246 2892 ipse
1264 2802 1360 2875 vide-

244 2948 313 3026 rat,
341 2943 432 3014 scire
451 2943 601 3014 debebat
619 2935 681 3038 (cf.
713 2943 755 3014 G.
785 2962 813 3013 c.
847 2945 902 3024 10,
933 2935 983 3036 2).
1012 2979 1059 2992 «-
1089 2940 1249 3011 Tertium
1275 2940 1362 3030 legi-

241 3100 318 3150 mus
338 3079 498 3150 Vindicis
519 3083 711 3150 sectatores
730 3099 752 3148 a
771 3080 887 3150 Galba
914 3079 1115 3161 honoratos
1139 3078 1362 3150 adversarios

243 3217 413 3288 coercitos
454 3237 540 3287 esse.
581 3217 660 3290 Hoc
696 3216 842 3286 Tacitus
877 3221 1000 3286 narrat
1040 3221 1075 3285 et
1108 3236 1138 3286 c.
1175 3219 1206 3298 8,
1245 3219 1269 3284 4
1308 3236 1359 3304 sq.

246 3355 371 3424 Galliac
400 3375 498 3445 sapor
531 3357 717 3424 memoriam
757 3351 893 3422 Vimlicis
925 3352 1090 3447 obligatae
1124 3355 1243 3420 accariti
1277 3349 1360 3420 dorio

243 3489 406 3562 Romarma
457 3493 595 3562 ciuitatis
638 3493 669 3558 al
708 3494 743 3557 iu
785 3492 947 3580 postorum
1001 3485 1114 3558 tribuli
1171 3488 1355 3559 laoamaulo.

237 3633 408 3720 promimur
447 3629 553 3696 lumea
597 3625 795 3696 Garumnicis
836 3623 1028 3696 amerallilus
1065 3624 1246 3694 llulliorum
1281 3630 1360 3694 rr'ui·

242 3768 324 3836 talei·
362 3787 425 3834 uou
465 3763 580 3833 rodam.
610 3760 729 3832 donoro
769 3761 912 3847 liubilae,
952 3761 1110 3854 orraedam
1149 3765 1244 3832 oliam
1275 3762 1361 3856 sirri-

242 3899 302 3970 lus
335 3901 491 3992 ademptis
519 3905 600 3992 puri
635 3899 742 3969 dolore
782 3898 956 3968 courmorla
981 3899 1088 3968 alicua
1122 3921 1160 3968 aa
1191 3919 1269 3967 sclao
1301 3903 1360 3966 iu·

243 4043 348 4108 iuriae
387 4033 600 4108 moliebantur
634 4044 669 4105 et
701 4056 730 4107 c.
767 4035 831 4120 51,
869 4037 915 4104 20
949 4056 999 4125 sq.
1043 4037 1242 4106 corolumoor'a
1284 4033 1361 4104 tlal-

243 4176 346 4244 lorum
398 4175 543 4256 iuru'lali,
588 4178 645 4264 qui
687 4177 853 4241 remissam
898 4170 963 4242 sibi
999 4195 1021 4241 a
1063 4168 1164 4241 Galba
1212 4174 1362 4263 aurariam
