2982 4794
242 291 316 364 108
1131 294 1172 368 0.
1202 296 1235 378 6,
1257 309 1365 370 ar-m.

243 497 563 593 ν.21-23καίτλμ
573 505 704 593 γυναῖκα
754 499 789 569 h.
812 501 843 582 2,
867 499 924 583 20,
946 500 967 570 5
995 520 1189 595 aaaramqaa
1215 505 1284 572 aas
1304 499 1363 571 Sa-

243 634 460 731 παρέτεμπον
487 634 580 731 αὐτῷ
604 633 704 729 aaa
755 636 908 726 laninam,
929 637 1017 729 qaod
1031 657 1215 732 qaaaqaara
1238 642 1274 708 ia
1291 638 1366 708 ιιιιί-
1472 615 1473 628 ¹

244 770 304 867 dae
358 767 466 848 ἱππεῖς
521 772 704 868 ὀνοουμένην
754 773 820 844 lias
833 778 989 844 icamiam
1003 779 1146 869 indignis
1165 795 1246 869 epac
1263 777 1364 846 astra
1471 769 1473 780 ²

243 908 337 1005 ἵππῳ
363 911 613 1006 κεκοσμημένην
637 907 703 978 ἐπι·
755 930 816 1004 aaa
868 908 1044 1001 vehantur,
1098 915 1251 1006 lampadam
1288 912 1368 984 laasa‘
1471 935 1473 972 ε

245 1046 366 1141 φανῶς.
752 1045 991 1142 gravabantur.

244 1183 410 1274 Equites,
424 1203 512 1274 quos
534 1183 682 1256 Tacitus
700 1205 769 1256 non
783 1192 1041 1270 commemorat,
1062 1187 1279 1260 Plutarchus
1297 1187 1367 1259 for·

244 1326 340 1398 tasse
366 1321 559 1392 exornandi
586 1341 695 1400 causa
713 1323 860 1394 addidit.
914 1323 1018 1394 (lente
1044 1325 1169 1414 potuit.
1198 1349 1369 1420 κεκοσμη-

244 1456 357 1550 μένην.
381 1455 549 1552 ἐπιφανῶς
583 1477 627 1529 ex
660 1461 746 1530 astra
777 1464 920 1555 insignis
952 1465 1067 1532 ortum
1102 1482 1178 1533 esse
1211 1461 1365 1535 videtur.

245 1594 393 1666 Ostrum
416 1594 507 1666 enim
534 1601 653 1666 utrum
685 1597 731 1667 ad
759 1596 962 1668 Saloninam
989 1619 1034 1668 an
1062 1600 1108 1670 ad
1134 1619 1262 1690 equum
1289 1619 1366 1689 per-

244 1733 367 1817 tineat,
399 1731 485 1804 licet
518 1730 708 1804 dubitari·
746 1733 893 1804 Tacitus
933 1735 979 1806 ad
1020 1755 1147 1825 equum
1185 1736 1369 1808 rettulisse

245 1870 397 1954 videtur,
417 1869 632 1942 Plutarchus
650 1870 697 1940 ad
711 1869 916 1941 Saloninam
933 1871 1082 1944 rettulit.
1137 1874 1263 1962 Itaque
1281 1873 1368 1946 Plu·
1474 1859 1475 1906 ί

246 2008 410 2082 tarchum
435 2007 503 2080 hoc
534 2007 611 2079 loco
639 2006 754 2096 ipsum
781 2008 946 2082 Tacitum
973 2007 1166 2098 inspexisse
1180 2010 1367 2099 suspicor.

348 2166 383 2217 v.
405 2145 552 2216 23—27
575 2137 697 2242 Φάβιον
723 2141 760 2212 δὲ
779 2136 946 2216 Οὐάλεντα
971 2144 1025 2216 τδν
1048 2144 1159 2241 ἕτερον
1185 2147 1368 2242 στρατηχδν

247 2280 321 2352 οὔτε
348 2281 492 2378 ἁρπαγαὶ
525 2280 689 2373 πολεμίων
725 2279 799 2352 οὔτε
831 2280 946 2352 κλοπαὶ
977 2283 1030 2352 καί
1057 2281 1249 2380 δωροδοκίαι
1275 2284 1370 2380 παρὰ

246 2421 434 2516 συμμάχων
449 2417 692 2510 ἐνεπίμπλασαν
710 2418 997 2516 χρηματιζόμενον,
1020 2418 1104 2492 ἀλλὰ
1121 2419 1174 2490 καί
1191 2418 1297 2490 ἐδόκει
1316 2419 1371 2492 διὰ

246 2561 342 2628 τοῦτο
379 2553 529 2654 βραδέως
568 2553 695 2626 ὁδεύων
736 2558 912 2653 ὑστερῆσαι
951 2563 1010 2652 τῆς
1049 2557 1210 2653 προτέρας
1244 2557 1370 2650 μάχης.

247 2694 363 2785 Oaput
395 2695 440 2765 ad
466 2692 760 2784 finemperducit
786 2715 820 2766 v.
850 2694 997 2765 27-31
1028 2689 1056 2762 ol
1081 2692 1119 2762 ’δὲ
1145 2692 1200 2761 τὸν
1227 2687 1371 2762 Κεκίναν

247 2831 410 2900 αἰτιῶνται
436 2829 618 2912 σπεύδοντα
643 2829 704 2924 τὴν
728 2832 817 2925 νίκην
836 2832 952 2899 ἑαυτοῦ
971 2824 1227 2920 χενέσδαι,πρὶν
1247 2824 1370 2897 ἐκεῖνον
1475 2879 1477 2898 2

248 2965 369 3051 ἐλθεῖν,
397 2966 508 3046 ἄλλοις
539 2991 575 3036 τε
608 2967 806 3062 μικροτέροις
840 2968 1028 3058 περιπεσεῖν
1063 2962 1276 3058 ἁμαρτήμασι
1315 2964 1370 3034 καὶ

248 3106 360 3201 μάχην
386 3103 423 3175 οὐ
450 3103 534 3173 κατὰ
559 3100 667 3198 καιρδν
695 3099 771 3171 οὐδὲ
793 3100 948 3190 γενναίως
971 3097 1113 3194 συνάψαι
1130 3105 1241 3194 μοιροῦ
1260 3102 1369 3170 πάντα

248 3242 289 3313 τὰ
331 3242 508 3338 πράγματα
548 3235 783 3332 διαφθείρασαν
820 3236 938 3314 αὐτοῖς.
996 3237 1134 3308 Rursus
1175 3258 1198 3308 a
1231 3259 1370 3312 morum

250 3379 484 3469 descriptione
503 3377 683 3466 profectus
703 3394 820 3448 rernm
835 3375 1075 3452 narrationem
1089 3379 1130 3446 ut
1142 3376 1371 3465 appendicem

249 3515 417 3588 adnectit.
473 3515 571 3599 Quae
602 3512 737 3603 profert
770 3515 812 3583 de
845 3512 1001 3583 moribus
1027 3511 1190 3584 Valentis
1217 3533 1297 3584 cum
1323 3513 1371 3584 iis

249 3652 353 3742 plane
380 3654 595 3740 congruunt,
628 3669 717 3740 quae
740 3651 834 3740 apud
848 3648 1012 3720 Tacitum
1040 3650 1172 3738 scripta
1198 3649 1370 3720 habemns

250 3885 410 3955 (Plinium),
429 3890 467 3953 et,
494 3883 570 3955 quod
596 3901 664 3939 sum
682 3883 864 3955 Cisalpinam
886 3889 983 3954 putat,
1005 3881 1079 3936 illud
1102 3882 1133 3937 in
1156 3882 1238 3937 tonte
1260 3881 1374 3939 dictum

249 3972 342 4028 fuisse
360 3971 524 4041 concludat,
542 3970 573 4025 in
591 3969 733 4025 circulum
750 3969 854 4024 incidit
870 3967 1102 4024 vitiosissimum.
1132 3968 1192 4024 Sed
1204 3986 1222 4022 a
1234 3984 1307 4024 sana
1324 3987 1371 4024 re-

248 4059 329 4114 tione
347 4057 492 4127 abhorret,
518 4055 562 4110 illi
583 4055 727 4126 scriptori,
750 4054 800 4126 qui
823 4054 977 4110 subtiliora
997 4053 1146 4125 neglegat,
1172 4054 1239 4124 plus
1258 4053 1370 4111 habere

250 4144 320 4200 fidei
344 4161 432 4216 quam
459 4143 493 4209 ei,
521 4142 571 4214 qui
591 4142 684 4198 talem
706 4142 838 4214 proterat
862 4158 926 4196 rem
948 4157 1140 4212 neque-vana
1166 4138 1257 4194 faciat
1274 4140 1374 4200 verte.

252 4230 427 4290 Coniectura
443 4228 574 4286 Nissenii
591 4230 713 4300 prorsus
735 4226 896 4282 abicienda.

1468 3463 1477 3753 ί
