3018 4796
140 307 188 376 G.
221 305 404 387 hue-13.
1225 303 1272 374 55

143 515 263 604 γυμνῷ
288 513 338 604 τῷ
364 505 449 600 ξίφει
475 505 739 601 προσφερόμενος
762 505 814 578 καὶ
866 502 957 604 enti)
1000 505 1107 578 laetias
1147 509 1269 580 Atlr'ccs

144 645 238 744 βοῶν
268 644 467 740 ἀνῃρηκέναι
484 642 538 712 τὸν
561 637 731 738 Καίσαρος
756 668 814 712 πο·
866 626 1047 718 Specillum
1102 631 1268 698 cruentum

140 782 268 874 λέμῑον·
307 779 483 871 ὠσάμενος
518 777 553 847 δὲ
583 777 636 849 διὰ
655 786 719 848 τῶν
736 801 814 876 upo—
864 747 1016 843 gladium
1033 750 1196 818 ostentans
1221 771 1270 819 oc·

141 921 303 990 εστώτιον
331 915 434 994 ἔδειξε
466 922 516 1012 τῷ
552 912 670 1014 Γάλβᾳ
701 916 736 986 τὸ
774 915 815 994 ii·

145 1080 212 1151 φος
239 1052 440 1151 ᾑμαγμένον.
485 1051 558 1122 ὅδὲ
586 1051 709 1151 βλέψας
734 1053 817 1150 πρὸς

151 1177 249 1262 οιότόν
276 1192 329 1277 ,τίς
356 1190 405 1260 σε’
420 1190 522 1283 ,εἶπεν
549 1188 738 1279 ,ἐκέλευσε’;

867 872 967 938 cisum
1000 890 1021 936 u
1054 889 1087 936 se
1118 865 1269 937 attotam

867 986 1079 1066 acclamabit:
1110 983 1272 1057 altiollo

868 1105 1060 1188 ,οοιιιιιιῑίῑίοί
1071 1109 1176 1201 inquii
1190 1111 1275 1200 ,queis

868 1219 1003 1294 inussit‘?

151 1365 264 1446 Haec,
293 1363 325 1433 si
359 1360 611 1452 loquacitatem
637 1361 822 1432 Plutarchi
858 1382 927 1432 non
962 1381 1135 1444 curamus,
1171 1361 1275 1451 plane

153 1499 357 1572 concinunt.
402 1499 592 1583 Quomodo
612 1519 695 1570 vero
712 1498 854 1570 Atticus
883 1499 1019 1570 Galbae
1048 1500 1174 1571 obvius
1197 1499 1276 1571 fieri

155 1609 326 1726 potuerit,
340 1639 411 1707 non'
426 1637 535 1719 docet,
552 1655 632 1706 cum
652 1635 804 1706 Galbam
823 1635 929 1706 etiam
956 1639 1032 1706 tum
1047 1636 1140 1708 domi
1154 1637 1275 1707 seden-

160 1779 230 1844 tem
267 1771 387 1844 faciat.
441 1773 573 1844 Contra
600 1771 747 1843 Tacitus
775 1773 903 1842 multos
931 1772 967 1842 in
994 1772 1107 1861 ipsam
1136 1772 1275 1844 domum
1381 1817 1385 1836 t

158 1909 379 1999 imperatoris
408 1909 583 1998 inrupisse
612 1914 647 1979 et
673 1914 748 1979 tum
776 1910 924 1992 demum,
952 1929 1031 1978 cnm
1060 1909 1177 1988 Galba
1204 1909 1274 1981 iam

154 2047 240 2118 sella
267 2047 460 2130 levaretur,
481 2046 640 2117 Atticum
667 2045 874 2135 apparuisse
901 2049 1006 2116 antea
1033 2051 1167 2116 narrat.
1215 2045 1275 2116 Se-

155 2185 276 2274 quitur
303 2184 396 2272 apnd
423 2183 653 2255 Plutarchum
681 2182 805 2252 militis
831 2201 1053 2271 responsum:
1085 2203 1119 2254 v.
1149 2185 1272 2254 9—13

93 2284 96 2288 ¹
157 2326 215 2390 τοῦ
249 2318 286 2389 δὲ
319 2317 495 2416 ἀνθρώπου
522 2318 581 2414 τὴν
613 2320 716 2388 πίστιν
748 2319 892 2394 εἰπόντος
925 2319 978 2387 καὶ
1010 2318 1064 2388 τὸν
1097 2319 1206 2414 ὅρκον,
1239 2317 1273 2389 ὃν

162 2457 280 2549 ὤμοσε,
306 2456 428 2526 καὶτοῦ
456 2453 606 2550 πλήθους
634 2452 842 2552 ἐπιβοῶντος,
861 2457 907 2530 ὡς
935 2452 981 2539 εὖ,
1007 2456 1060 2525 κοιλ
1078 2461 1275 2552 κροτοῦντος,

154 2593 261 2692 ἐμβὰς
287 2595 332 2670 εἰς
356 2594 395 2664 τὸ
424 2599 555 2688 φορεῖον
583 2591 748 2684 ἐκομίζετο
774 2597 823 2686 τῷ
849 2615 885 2660 τε
911 2587 963 2660 Διῒ
985 2589 1084 2660 θῦσαι
1103 2592 1154 2661 κοιλ
1173 2599 1275 2689 φανῆ-

148 2755 200 2800 ναι
239 2737 306 2807 τοῖς
345 2729 491 2804 πολίταις
532 2727 735 2825 βουλόμενος.
801 2729 880 2799 Hoc
920 2729 1141 2801 desideratur
1182 2731 1275 2820 apud

150 2869 333 2950 Tacitum,
370 2868 430 2938 sed
460 2888 531 2937 non
557 2866 677 2956 magni
710 2871 765 2936 est
797 2866 973 2950 momenti.
1027 2867 1148 2957 Neque
1184 2868 1275 2938 onim

157 2964 371 3094 incredibile,
391 3004 622 3074 Plutarchum
645 3003 734 3074 haec
761 3002 954 3091 invenisse;
981 3023 1180 3093 quanquam
1200 2965 1276 3075 ¹non

157 3142 371 3230 negaverim,
400 3141 551 3211 fortasse
578 3139 710 3210 iontem
738 3141 880 3209 subesse
907 3140 1105 3211 uberiorem
1124 3135 1163 3238 ¹).
1208 3140 1275 3211 Ρο-

154 3279 229 3367 puli
261 3277 450 3349 tumultum
485 3276 631 3348 Tacitus
664 3296 694 3347 c.
725 3277 771 3346 35
805 3275 915 3346 multo
955 3276 1096 3364 planius
1136 3277 1275 3366 effingit

156 3417 221 3484 tum
248 3436 322 3486 caro
349 3437 413 3483 rouo
434 3413 578 3507 popualus
604 3416 728 3483 inertum
755 3415 786 3483 et
811 3414 961 3504 imperito
974 3410 1067 3504 plebs
1085 3417 1119 3482 ιἰι
1135 3413 1274 3506 plausus

153 3555 186 3622 al
217 3551 387 3624 immodica
419 3549 541 3639 studio,
578 3549 637 3620 sod
666 3552 807 3644 aquilium
836 3551 985 3643 plerique
1017 3571 1056 3620 cc
1089 3551 1273 3620 senatorum

145 3691 256 3782 posito
282 3691 368 3758 melu
394 3690 518 3758 immoti
543 3689 691 3779 refractis·
712 3683 832 3755 Palatii
852 3683 979 3780 foribus
1005 3706 1099 3756 ruma
1125 3689 1212 3756 intus
1238 3710 1277 3758 oe

149 3847 185 3896 so
207 3821 330 3895 Galbae
355 3826 525 3914 ostentare,
541 3826 748 3918 praereptam
774 3819 840 3892 sihi
855 3823 1006 3893 tuitionem
1025 3825 1191 3915 quarentes
1216 3827 1273 3896 ele.

257 4129 283 4195 1)
319 4127 459 4182 Fortasse
482 4126 673 4200 neglegentia
695 4125 847 4198 scriptoris
872 4143 907 4180 ex
930 4129 1020 4194 troipas·
1040 4129 1117 4178 cumo
1141 4144 1165 4182 c.
1183 4128 1224 4198 35,
1244 4128 1276 4182 12

157 4220 253 4270 ortum
273 4218 326 4283 est,
345 4214 422 4285 quod
439 4231 500 4270 non
518 4213 556 4268 ad
574 4212 699 4268 Galbam
717 4213 770 4267 sed
788 4213 825 4266 ad
841 4210 973 4266 Atticum
991 4212 1121 4268 referret.
