3018 4796
1298 287 1320 354 9

211 493 338 564 tendas
371 491 634 574 celeberrimas,
662 489 788 578 quippe
823 508 911 578 quae
944 489 1066 560 iisdem
1089 488 1208 561 verbis
1231 490 1324 578 apud

209 629 441 701 Plutarchum
482 646 618 718 quoque
658 626 909 709 invenirentur,
948 646 990 695 ex
1025 627 1198 697 communi
1228 625 1324 696 fonte

207 767 338 856 petitas
382 786 471 836 esse.
538 765 628 848 Sane
670 764 866 833 Mommsen
908 763 975 833 hoo
1019 762 1211 834 artioribus
1246 762 1323 832 fini-

207 904 273 974 bus
308 888 593 975 circumscribere
632 900 748 971 studet
781 890 979 988 multasque
1013 900 1104 971 alias
1132 901 1323 971 sententias

210 1059 323 1128 aeque
358 1039 506 1109 inclutas
537 1037 605 1126 ipsi
640 1036 765 1107 Tacito
789 1036 975 1124 -vindicat;
1010 1038 1071 1106 sed
1099 1037 1128 1108 si
1155 1037 1212 1108 vel
1238 1058 1323 1125 pau-

214 1175 264 1247 cis
290 1175 374 1246 locis
402 1175 565 1246 Tacitum
597 1174 710 1244 furem
737 1193 812 1242 esse
840 1173 1069 1257 ostendimus,
1093 1175 1222 1245 'omnes
1248 1174 1324 1246 eius

209 1313 291 1383 libri
327 1332 460 1382 summa
496 1310 636 1401 legendi
672 1315 754 1381 sunt
790 1329 868 1381 cum
904 1310 1120 1400 suspicione,
1155 1332 1219 1382 nec
1255 1332 1322 1402 quo

206 1451 307 1520 modo
334 1448 412 1520 fieri
438 1448 552 1538 possit
578 1448 834 1536 intellegamus,
869 1455 910 1519 ut
940 1448 976 1519 in
1003 1469 1073 1520 una
1101 1469 1238 1539 quaque
1263 1469 1323 1538 pa·

207 1586 293 1673 gina
311 1605 447 1655 morum
465 1585 539 1656 eius
558 1585 734 1656 acerbitas
753 1585 930 1674 animique
949 1586 1120 1658 severitas
1147 1592 1322 1657 cematur.

211 1722 433 1793 AOlasonio
469 1743 552 1794 vero
588 1727 624 1792 11
659 1722 798 1810 Langio
818 1716 845 1819 ¹)
881 1722 1119 1811 significatum
1155 1725 1225 1795 iam
1261 1731 1324 1808 est,
1412 1721 1414 1726 ’

208 1879 274 1946 quo
309 1860 409 1928 modo
451 1859 598 1929 Tacitus
640 1858 736 1929 fonte
773 1859 914 1947 publico
949 1881 1034 1930 usus
1071 1863 1133 1944 sit,
1167 1863 1325 1932 oratione

206 1995 430 2083 imperatoris
483 1995 623 2066 Claudii
678 1997 720 2065 dc
773 1996 957 2066 Gallorum
1011 1997 1087 2068 iure
1142 1991 1348 2082 honorum,

207 2152 311 2221 quam
337 2133 424 2203 adeo
443 2132 607 2216 mutavit,
634 2139 674 2203 ut
700 2153 828 2205 nouam
846 2132 973 2204 lecerit
998 2135 1206 2223 orationem;
1234 2137 1325 2207 unde

207 2270 301 2340 iusto
329 2270 406 2339 iure
433 2270 475 2340 de
502 2269 584 2340 aliis
611 2269 698 2340 locis
725 2270 811 2341 licet
838 2272 1011 2342 concludi.

313 2405 457 2489 Deinde,
485 2406 553 2477 nisi
581 2408 787 2478 certissimis
813 2410 1031 2496 argumentis
1057 2431 1130 2479 rem
1157 2411 1263 2480 aliter
1289 2431 1326 2482 sc

212 2540 344 2611 babere
378 2543 650 2627 demonstratur,
685 2545 914 2616 dubitandum
952 2546 1036 2628 crit,
1070 2567 1150 2616 uum
1180 2547 1327 2619 Tacitus

207 2677 300 2748 alius
328 2679 511 2782 scriptoris
537 2683 647 2753 verba
674 2681 710 2750 in
737 2681 834 2752 sonte
861 2703 923 2753 suo
950 2683 1097 2754 laudata
1115 2686 1325 2775 transscrip-

206 2814 302 2884 serit.
358 2815 479 2905 Neque
514 2817 700 2906 quisquam
734 2819 994 2908 comprobavit,
1030 2841 1148 2894 omues
1182 2823 1326 2893 locosa

208 2950 332 3021 Tacito
367 2953 495 3024 citatos
533 2953 668 3026 iamin
701 2956 797 3026 fonte
825 2957 952 3028 citatos
979 2959 1157 3029 exstitisse
1185 2966 1221 3029 11
1246 2959 1326 3031 inde

205 3088 401 3177 exscriptos
442 3109 528 3160 esse.
584 3092 637 3162 Ne
677 3093 804 3162 Nissen
813 3087 843 3189 z)
884 3093 1021 3184 quidem
1063 3094 1227 3165 Tacitum
1258 3117 1326 3174 ,eos

206 3223 318 3307 lucca,
366 3225 429 3295 ubi
462 3233 641 3298 auctorem
668 3229 839 3312 nominet,
888 3230 957 3299 iam
985 3231 1123 3300 adlatos
1150 3231 1326 3304 invenisse

211 3359 392 3432 adfirmare
438 3365 554 3447 audet,
600 3367 661 3436 sed
704 3373 867 3437 auctores
903 3350 1118 3439 vnominatim
1163 3368 1326 3441 laudatos

210 3493 333 3566 Tacito
363 3507 505 3588 praesto
538 3503 648 3572 luisse
682 3505 861 3575 contendit
895 3512 929 3575 et
964 3507 1055 3576 hanc
1082 3508 1195 3596 legem
1229 3513 1325 3578 recte

203 3631 327 3714 adicit,
361 3637 427 3706 11111
462 3640 678 3710 contrarium
713 3643 936 3725 ostendatur,
973 3645 1111 3715 omnino
1147 3665 1221 3713 esse
1256 3653 1326 3714 sta·

200 3770 379 3841 tuendam.
433 3776 501 3844 Sed
540 3797 657 3846 omnes
694 3786 829 3848 ceteros
864 3779 979 3863 locos,
1022 3783 1082 3852 ubi
1119 3782 1249 3852 mentio
1284 3782 1325 3854 fit

200 3903 368 3991 fontium,
411 3913 538 4000 quibus
574 3914 720 3983 Tacitus
760 3937 843 3985 usus
876 3937 952 3985 esse
988 3918 1151 3988 videatur
1190 3960 1228 3968 -
1265 3921 1324 4007 qui

201 4056 398 4070 Ἢ...

303 4126 328 4186 l)
366 4126 499 4181 Glason
517 4145 543 4197 p,
561 4129 602 4182 21.
622 4130 706 4198 „Tac
725 4147 752 4183 u.
773 4131 860 4185 Suet“
878 4150 905 4202 p.
926 4133 982 4186 116.
1018 4132 1146 4204 Lange
1164 4152 1190 4203 p.
1210 4136 1252 4188 55.

301 4211 328 4278 2)
365 4211 500 4266 Nissen
518 4230 545 4283 p.
564 4214 622 4268 528.
