3018 4796
1201 254 1245 325 15

119 503 244 555 senem
264 480 383 555 visum
401 493 477 548 esse
496 471 606 544 adicit
622 468 723 542 brevi
742 469 806 540 sub
824 470 1033 556 potestatem
1051 462 1149 534 Vinii
1167 481 1249 534 ven-

118 629 258 692 turum.
305 616 415 688 Cuius
442 633 471 684 c.
495 611 538 681 12
564 612 765 679 tractantur
782 625 907 687 mores,
934 608 971 674 et
996 621 1047 672 cc.
1070 601 1114 672 13
1140 605 1176 671 et
1207 602 1251 668 14

121 757 209 849 quid
236 757 375 826 factum
402 750 450 821 sit
476 766 554 819 oum
572 743 784 834 Nymphidio
812 741 982 832 legimus:
1009 759 1037 810 c.
1070 741 1114 810 15
1135 737 1252 808 Galba

123 897 201 966 eius
231 890 395 964 conscios
421 883 572 988 interfici
597 883 696 952 iubet
722 885 757 951 et
783 879 855 950 aha
874 875 1062 950 committit
1078 873 1251 956 facinora,

126 1031 258 1122 quibus
285 1028 413 1099 malam
449 1021 581 1092 famam
613 1017 807 1107 conquirat.
871 1015 973 1086 Hanc
999 1013 1170 1084 rationem
1200 1031 1250 1081 cc.

130 1171 176 1241 16
211 1173 249 1238 et
284 1166 328 1236 17
363 1178 504 1252 quoque
538 1156 705 1246 sequitur,
741 1154 801 1226 ubi
835 1155 877 1224 de
908 1150 1069 1242 repetitis
1087 1149 1252 1220 Neronis

133 1303 310 1375 donativis
354 1299 476 1388 agitur
520 1298 556 1364 et
599 1292 671 1364 alia
710 1291 808 1362 Vinii
850 1290 947 1362 facta
991 1291 1250 1364 enumerantur.

136 1462 168 1510 c.
200 1439 246 1509 18
270 1435 481 1508 Plutarchus
516 1429 703 1518 adipeam
737 1428 976 1498 narrationem
1009 1430 1253 1513 transgressus

144 1575 243 1649 elicit,
260 1591 303 1638 ea
321 1570 362 1638 de
379 1588 415 1640 re
431 1567 480 1638 καὶ
496 1567 538 1636 τὰ
557 1567 698 1661 μετρίως
715 1565 923 1662 πραττόμενα
942 1570 1106 1654 suspecta
1133 1561 1253 1643 fuisse,

152 1703 248 1774 velut
264 1705 349 1794 quod
374 1705 485 1776 Galba
504 1703 665 1776 Vindicis
684 1703 919 1774 sectatoribus
945 1699 1076 1774 iaviset
1094 1705 1129 1769 et
1147 1697 1253 1768 dona-

152 1839 255 1911 tivum
278 1840 443 1912 militibus
476 1862 546 1912 non
578 1840 811 1931 praebuisset.
865 1838 933 1908 Sed
966 1836 1066 1908 miles
1096 1839 1253 1906 urbanus

144 1976 295 2066 quamvis
313 1977 425 2049 iratus
443 1966 570 2050 tamen
581 1979 730 2067 quietem
758 1977 898 2065 agebat,
919 1994 997 2044 cum
1015 1974 1087 2043 dux
1106 1974 1252 2060 deesset

141 2110 250 2184 sedin
268 2092 459 2186 Germania
486 2115 665 2206 superiore
683 2114 840 2203 legiones
867 2111 977 2182 multo
996 2109 1110 2198 magis
1130 2110 1252 2179 turba·

137 2256 269 2324 verunt.

233 2389 402 2478 Apparet,
421 2389 615 2460 Plutarcho
642 2389 678 2459 in
701 2387 770 2457 hac
787 2386 864 2460 vita
883 2405 952 2456 non
971 2385 1047 2456 eius
1066 2383 1159 2456 modi
1177 2383 1252 2455 fon·

138 2529 187 2594 tes
204 2530 343 2614 praesto
363 2525 486 2606 fuisse,
505 2543 591 2611 quos
610 2525 781 2615 imprimis
808 2523 908 2613 sequi
934 2523 1073 2606 soleret,
1093 2522 1155 2592 sed
1174 2541 1252 2594 eum

133 2681 174 2734 ex
199 2663 389 2734 annalibus
417 2659 595 2750 aliquibus
630 2663 746 2732 omnia
781 2660 985 2750 conlegisse.
1040 2660 1141 2744 Item,
1174 2680 1251 2732 cum

131 2799 292 2870 hocloco
311 2817 396 2873 vere
420 2797 568 2886 incipiat
595 2800 811 2871 narrationis
837 2805 947 2881 tenor,
968 2819 1046 2868 eum
1064 2797 1135 2869 iam
1155 2797 1252 2868 adhi-

131 2938 249 3009 buisse
282 2935 456 3025 suspicari
491 2937 576 3007 licet
611 2942 802 3020 auctorem,
837 2935 898 3026 qui
931 2937 998 3007 hoc
1031 2935 1251 3024 potissimum

128 3073 301 3163 temporis
320 3082 491 3144 momento
510 3073 651 3146 initium
669 3080 821 3163 caperet.
861 3074 961 3157 Quod
980 3072 1076 3144 cadit
1093 3072 1129 3144 in
1149 3071 1251 3143 Taci-

127 3217 217 3282 tum.
272 3211 350 3280 Iam
377 3209 466 3280 enim
501 3230 611 3302 usque
638 3213 685 3282 ad
710 3210 858 3283 Othonis
892 3216 1049 3293 mortem,
1082 3209 1143 3280 ubi
1169 3210 1252 3280 Plu·

132 3345 278 3417 tarchus
310 3346 455 3431 desinit,
488 3350 677 3437 scriptores
714 3346 782 3418 sibi
815 3347 1038 3437 respondent.
1099 3347 1177 3432 Qua
1209 3347 1268 3416 de·

132 3499 246 3553 causa
279 3483 343 3554 hoc
378 3485 455 3556 loco
489 3506 547 3556 eos
580 3503 785 3572 comparare
820 3484 995 3574 incipiam,
1029 3489 1145 3574 atque,
1182 3503 1250 3572 quo

131 3616 277 3688 facilius
302 3639 357 3690 res
382 3620 627 3711 perspiciatur,
655 3621 772 3692 facere
808 3643 876 3693 non
906 3641 1059 3711 possum,
1087 3620 1170 3710 quin
1197 3626 1250 3691 to-

129 3761 206 3826 tum
233 3756 418 3828 Plutarchi
445 3763 645 3829 contextum
672 3765 827 3847 repetam
847 3753 886 3855 ¹).

134 3925 441 3936 --....-.--..,..--—..

235 4006 260 4072 1)
296 4003 446 4060 Plutarchi
473 4024 581 4080 aequor
608 4007 767 4082 editionem
785 4007 937 4063 Sintenisii
959 4007 1103 4062 minorem
1121 4013 1131 4044 ²
1148 4009 1204 4064 vol.
1224 4011 1251 4065 V

132 4087 249 4160 Lipsiae
268 4092 342 4159 1874,
359 4110 465 4148 versus
488 4110 525 4148 cx
547 4095 676 4150 editione
698 4093 809 4149 maiore
830 4095 887 4150 vol.
911 4096 953 4150 [V
974 4093 1094 4165 Lipsiae
1114 4095 1180 4150 1846
1199 4095 1248 4150 ad-

135 4175 244 4246 scripsi.
281 4177 376 4232 Taciti
394 4179 514 4234 adhibui
533 4181 691 4236 editionem
708 4179 819 4236 Halmii
837 4185 971 4252 quartam
989 4179 1109 4252 Lipsiae
1129 4181 1203 4237 1883.
