3018 4796
271 469 353 540 Jam
388 491 490 551 vero,
531 477 570 540 ut
605 468 689 559 quid
728 489 792 558 ego
833 468 980 540 sentiam
1025 471 1146 559 paucis
1191 493 1282 543 com·

169 606 322 696 plectar,
350 627 404 678 me
437 625 573 697 quoque
606 605 643 675 in
675 626 793 676 eorum
826 625 968 678 numero
1001 628 1076 678 esse
1103 607 1280 692 confiteor,

171 742 232 832 qui
283 742 551 814 Mommsenium
603 748 639 812 et
686 741 886 812 Nissenium
939 744 1159 834 impugnant,
1211 766 1281 816 non

171 880 264 968 quod
289 880 445 952 virorum
472 879 514 947 de
541 877 764 968 antiquitatis
789 878 914 950 studiis
933 881 1063 969 optime
1080 881 1281 953 meritorum

171 1016 306 1106 gloriae
326 1017 522 1086 obtrectare
543 1015 660 1098 velim,
689 1016 748 1086 sed
775 1016 859 1104 quia
885 1035 944 1086 eos
970 1037 1009 1086 re
1035 1039 1122 1091 vera
1148 1039 1282 1090 errasse

169 1158 266 1242 puto.
319 1151 430 1222 Plane
457 1151 568 1240 igitur
594 1151 746 1223 tironum
769 1153 930 1242 partibus
955 1173 1008 1222 me
1027 1155 1176 1242 applico,
1205 1177 1284 1228 oon·

170 1289 373 1377 solaturque
409 1307 464 1358 me
499 1293 534 1358 et
571 1293 762 1373 sustentat,
798 1291 891 1379 quod
925 1311 1031 1362 unum
1067 1291 1205 1385 quidem
1241 1313 1283 1362 ex

170 1425 314 1496 criticae
346 1424 434 1494 artis
460 1424 650 1495 luminibus
684 1426 956 1498 consentientem
982 1427 1170 1510 habemuS,
1198 1428 1282 1517 Nip-

168 1561 357 1651 perdeium.
411 1559 559 1631 woltun
573 1555 601 1656 ¹)
628 1580 764 1649 quoque
799 1584 821 1632 a
855 1571 978 1635 nostra
1014 1571 1068 1636 est
1101 1578 1202 1653 parte
1237 1569 1282 1646 et,

170 1697 379 1786 ubicumque
407 1706 550 1766 oausam
577 1695 733 1783 attingit,
761 1696 833 1764 illis
859 1707 1045 1786 repugnat.
1256 1671 1259 1677 ⁸

271 1834 372 1904 Nunc
398 1835 541 1904 adrem
569 1833 681 1921 ipsam
708 1836 896 1902 transeam.
951 1835 1005 1904 Ao
1032 1834 1183 1920 primum
1210 1837 1285 1923 qui·

171 1972 249 2043 dem
275 1991 366 2062 quae
392 1970 429 2041 in
455 1971 657 2042 universum
685 1969 777 2039 obici
799 1974 945 2056 possunt
969 1968 1087 2039 Taciti
1110 1971 1283 2041 obtrecta-
1380 1943 1383 1951 ¹

170 2109 318 2190 toribus,
338 2108 458 2177 adlata
476 2107 546 2176 iam
566 2101 700 2200 punt2).
755 2105 866 2188 Haec,
895 2125 1092 2196 quanquam
1110 2127 1179 2177 non
1197 2108 1284 2178 mul·

168 2250 242 2318 tum
274 2242 395 2314 valent
426 2279 476 2290 —
509 2261 586 2310 oum
621 2242 666 2310 ab
703 2240 747 2309 iis
782 2241 972 2314 videantur
1005 2242 1165 2332 profecta
1199 2263 1284 2328 esse,

174 2380 234 2470 qui
261 2377 423 2468 opinione
449 2375 693 2466 praeiudicata
720 2376 894 2446 ducantur
918 2418 955 2428 -
981 2382 1188 2450 tamennon
1207 2386 1288 2451 sunt

171 2517 418 2606 despernenda.
473 2515 539 2586 Vel
563 2535 626 2604 per
659 2506 696 2584 se
737 2513 954 2586 verisimile
994 2536 1064 2586 non
1105 2522 1168 2600 est,
1201 2519 1290 2610 duos

171 2655 360 2742 scriptores
387 2653 545 2725 diversos
572 2656 646 2720 tam
664 2671 767 2739 saepe
786 2671 829 2721 ex
848 2652 967 2722 eodem
994 2652 1090 2722 fonte
1117 2653 1208 2721 idem
1235 2652 1286 2722 ita

172 2790 379 2879 sumpsisse,
406 2793 541 2858 utnon
573 2788 673 2857 modo
701 2795 962 2875 argumentum,
996 2788 1057 2857 sed
1084 2787 1191 2858 etiam
1217 2788 1286 2859 elo·

173 2921 510 3022 cut10³)congruat.
565 2923 798 3012 Cogitandum
818 2933 919 3008 esset,
939 2931 1125 3014 utrumque
1141 2926 1286 3014 scripto·

171 3084 247 3134 rem
286 3061 418 3132 fontem
462 3079 678 3131 communem
720 3081 789 3131 non
824 3067 1037 3133 retractasse
1077 3068 1141 3133 aut
1175 3082 1286 3133 emen-

173 3201 286 3282 dasse,
314 3197 457 3271 sedvel
482 3197 670 3269 leuissimis
698 3196 734 3267 in
760 3199 865 3268 rebus
898 3199 1163 3290 religiosissime
1190 3214 1286 3266 secu·

171 3342 246 3408 tum
268 3356 354 3407 esse.
409 3333 555 3406 Tacitus
574 3355 643 3404 non
664 3339 756 3404 esset
778 3334 915 3406 dicendi
936 3335 1066 3406 artifex
1082 3337 1116 3401 et
1137 3331 1287 3419 scriptor

172 3473 367 3562 perfectus,
406 3472 436 3542 si
472 3491 550 3542 oum
588 3466 856 3568 Mommsenio4)
884 3470 1178 3550 contenderemus
1211 3489 1286 3539 sen-

276 3761 300 3824 1)
338 3760 372 3814 cf.
391 3760 474 3813 Burs.
502 3754 725 3812 Jahresbericht
742 3739 816 3811 1876}
839 3756 877 3810 II.
895 3772 922 3824 p.
940 3753 1113 3808 14101810.
1133 3754 1171 3807 II.
1189 3771 1216 3822 p.
1228 3751 1285 3806 250.

172 3844 297 3900 nanno
315 3843 494 3916 Weltgesch.
516 3841 618 3910 111,2,
636 3842 772 3896 nau-288
793 3841 867 3894 nihil
890 3837 963 3893 certi
984 3839 1113 3909 praebet.

275 3928 302 3993 2)
338 3929 426 3984 Velut
445 3949 462 3984 a
481 3928 649 3983 Olasonio
664 3927 754 3996 „Plus
770 3945 798 3980 u.
813 3926 897 3980 Τ10.“
917 3943 942 3994 p.
954 3925 1055 3994 20-21
1075 3927 1102 3977 01
1120 3925 1285 3995 aLangio

173 4017 191 4072 l.
209 4016 227 4069 1,
246 4012 365 4086 passim,
384 4015 526 4086 imprimis
545 4032 570 4081 p.
589 4015 623 4067 48
640 4031 681 4082 sq.
717 4031 719 4036 ·

274 4099 301 4166 3)
336 4097 529 4156 Mommsen
546 4119 573 4172 p.
592 4101 643 4154 312
661 4116 703 4169 sq.

275 4185 301 4252 4)
336 4181 525 4239 Mommsen
542 4204 569 4257 p.
587 4186 646 4242 315.
