3018 4796
253 252 303 378 cit
1134 310 1177 382 G.
1207 309 1264 394 24,
1293 329 1370 384 1-6.

253 511 363 596 Haeo,
403 513 465 586 ubi
504 516 643 586 eadem
666 516 863 606 loquacitas
903 515 1069 600 cernitur,
1109 535 1307 606 quanquam
1347 535 1370 587 a
1490 505 1491 582 l

255 649 380 724 Tacito
410 651 610 742 discrepare
639 652 814 737 videntur,
854 659 1068 725 tamennon
1100 659 1183 724 sunt
1215 653 1367 726 diversa.
1490 687 1491 724 ν

252 787 389 858 Statim>
408 789 500 859 enim
522 789 558 859 in
584 809 625 861 eo
647 789 864 874 offendimus,
893 791 985 880 quod
1002 797 1150 881 uterque
1176 791 1219 860 de
1246 789 1367 862 eadem

180 957 184 968 ,
252 944 290 996 re
324 925 472 996 similem
505 932 540 997 et
571 933 690 998 temon
722 928 898 1000 diversam
935 927 1311 999 exhibet'relationem
1327 921 1366 1024 ¹).

252 1062 345 1146 Quid
363 1063 399 1132 in
418 1064 591 1134 communi
610 1063 728 1154 aliquo
755 1065 852 1135 fonte
880 1066 1048 1153 scriptum
1074 1064 1193 1148 fuerit,
1222 1063 1366 1136 difficile

252 1204 307 1269 est
330 1198 437 1270 dictu.
475 1198 698 1290 Utrumque?¹
711 1201 854 1272 vParum
873 1201 949 1274 veri
968 1201 1092 1272 simile.
1124 1203 1256 1290 'Itaque
1282 1201 1368 1272 alte-

252 1355 330 1406 rum
352 1336 561 1426 scriptorem
584 1339 752 1409 memoria
770 1338 899 1420 fulsum
917 1359 1029 1428 prava
1048 1340 1188 1410 tradere
1207 1338 1368 1409 existimo

251 1478 357 1564 atque
388 1474 619 1546 Plutarchum
654 1475 830 1564 suspicor,
860 1495 949 1565 quae
977 1475 1124 1548 'nocitus
1157 1476 1199 1546 de
1230 1475 1367 1546 libertis

252 1610 434 1700 servisque
453 1606 519 1707 (sc.
540 1606 707 1709 Othonis)
724 1611 897 1694 narraret,
916 1612 1035 1685 verbis
1061 1615 1245 1705 coimiplios
1271 1635 1367 1707 oriam

250 1753 284 1816 ia
307 1751 439 1838 priuato
457 1748 548 1818 driaco
565 1746 670 1818 lubili
689 1749 786 1820 male
813 1749 1002 1820 intellectis
1030 1749 1120 1820 falso
1147 1749 1190 1819 dc
1216 1749 1366 1827 Neronis

251 1883 438 1955 comitibus
448 1888 484 1955 et
493 1883 630 1956 libertis
640 1887 829 1975 accepisse.
846 1886 1059 1976 Tlgellinum
1070 1892 1105 1956 et
1114 1887 1366 1976 Nymphidium

250 2041 290 2092 eo
318 2019 660 2093 facilius-nominare
686 2022 811 2111 potuit,
831 2024 924 2113 quod
937 2023 1090 2095 Pacilus
1109 2043 1139 2094 c.
1161 2025 1218 2106 24,
1238 2025 1258 2093 1
1279 2023 1367 2094 dicit

245 2155 468 2254 flagrantibus
482 2164 547 2228 iaco
560 2159 698 2228 militum
713 2161 831 2229 collaris
846 2160 932 2233 celui
940 2161 1030 2252 foces
1046 2159 1214 2230 oilcliclclul
1226 2156 1366 2230 Maccius

253 2291 396 2365 Padeusc
416 2299 577 2387 proaimis
600 2294 792 2390 Tigellini
807 2298 839 2366 cl
856 2317 885 2367 c.
908 2297 965 2381 25,
987 2297 1007 2368 8
1026 2297 1196 2367 senecioni
1209 2301 1368 2390 prirnorcs

250 2432 388 2502 militum
398 2453 460 2524 per
473 2429 624 2528 hclrcfioio
640 2430 669 2502 Ν
669 2431 847 2526 yuzplridi
852 2438 865 2502 i
877 2437 912 2503 ul
926 2438 1097 2526 somarios.
1117 2435 1215 2519 Quae
1228 2453 1369 2524 praece-

250 2570 337 2639 dunt
355 2569 397 2640 dc
421 2565 678 2662 συναχθομένοις
703 2576 769 2655 etc.
796 2541 940 2659 perimie
959 2578 1064 2660 atque
1083 2569 1240 2642 extrema
1258 2571 1368 2643 verba

249 2704 338 2775 nihil
365 2711 447 2777 stmt
472 2706 542 2776 nisi
574 2707 758 2778 cromatio
779 2707 934 2796 copiosa
962 2713 997 2778 et
1030 2707 1152 2780 eadem
1185 2709 1365 2798 languida.

249 2841 308 2912 Ex
338 2841 405 2918 hoc
438 2842 597 2932 exemplo
630 2845 742 2914 denuo
776 2843 1005 2934 intellegitur,
1040 2850 1173 2934 quauta
1204 2865 1291 2916 usus
1321 2845 1367 2915 sit

249 2977 414 3050 libertate
440 2978 655 3050 Plutarchus
681 2980 719 3050 iu
745 2980 895 3069 singulis
922 2981 1180 3071 componendis,

350 3115 434 3206 Cup.v
463 3117 597 3199 XXIV,
630 3117 691 3188 ubi
724 3117 980 3189 coniurationis
1014 3125 1207 3209 apparatus
1238 3119 1369 3191 descri-

253 3252 360 3336 bitur,
387 3252 476 3324 nihil
504 3259 630 3338 exstat,
657 3255 750 3346 quod
777 3275 799 3324 a
826 3255 951 3325 Tacito
979 3256 1132 3328 alienum
1159 3256 1216 3326 sit.

249 3411 282 3462 v.
316 3389 409 3462 1-6
440 3389 473 3460 ἐν
500 3387 536 3458 δὲ
553 3390 677 3470 τούτοις
696 3383 781 3460 Οὐε-
835 3412 864 3462 c.
883 3393 941 3474 25,
960 3397 976 3463 1
996 3414 1045 3483 sq.
1061 3391 1119 3463 sed
1130 3394 1228 3462 lime
1245 3390 1370 3464 libertis

248 3527 386 3634 τούριοςΙ
406 3527 459 3596 καὶ
495 3519 646 3624 Βάρβιος,
678 3528 694 3595 ὁ
722 3525 781 3619 μὲν
839 3525 1042 3599 Orromosluro
1089 3529 1202 3623 futuro
1254 3529 1371 3601 sceleri

249 3633 380 3749 ὀπτίννν,
395 3661 680 3760 ὁδὲτεσσεράριος·
695 3663 781 3768 οὕτω
832 3667 1063 3758 praeficite
1106 3688 1169 3762 quo
1213 3651 1367 3738 Barbium

249 3798 310 3895 γὰρ
342 3800 512 3870 καλοῦνται
546 3796 574 3870 οἱ
607 3773 783 3894 διαγγέλων
838 3800 1006 3873 Proculum
1030 3807 1235 3880 tesserarium
1253 3824 1369 3900 specu·

248 3936 299 4005 καὶ
327 3907 507 4032 Ιδιοπτήρων
535 3924 715 4032 lanpedius
733 3962 783 4006 τε·
837 3937 975 4008 talorum
999 3942 1039 4009 cl
1074 3937 1234 4011 Veturium
1267 3943 1371 4033 oplio-

454 4091 491 4098 ...-
499 4091 555 4100 α*

352 4173 366 4225 1
415 4172 481 4238 Qua
495 4188 605 4228 remon
624 4170 842 4226 adfirmaverim
860 4187 928 4226 cum
938 4169 1082 4226 Kreussio
1102 4188 1128 4241 p.
1146 4171 1171 4240 7,
1189 4171 1369 4242 peculiarem

248 4257 341 4314 fuisse
360 4256 518 4313 Plutarcho
536 4257 656 4313 fontem.

245 4646 666 4756 ,m
