2982 4794
247 281 322 354 160
1096 287 1137 360 Ο.
1171 291 1226 373 15,
1243 304 1367 364 Ι11-11.

245 489 408 560 Tacitum
439 510 559 560 omnes
586 489 762 562 Othonem
795 491 1023 563 consolantur
1059 498 1093 563 et
1125 495 1369 580 cohortantur,

246 627 340 717 apud
367 627 602 699 Plutarchum
628 626 731 698 fidem
759 633 1075 700 suamostentant.

348 765 459 837 Addit
477 743 783 836 narratiunculam
796 786 817 834 a
832 765 958 836 Tacito
973 767 1154 839 omissam:
1182 788 1216 841 v.
1236 769 1371 841 14-16

248 899 293 978 εἷς
317 899 357 970 ’δὲ
383 908 448 971 τῶν
467 901 701 998 ἀφανεστέρων
721 901 888 1003 ἀνατείνας
912 903 949 972 τὸ
969 901 1060 999 ξίφος
1086 905 1137 974 καὶ
1159 906 1266 976 εἰπών
1279 905 1370 998 ,isliu

246 1033 387 1136 Καῖσαρ,
404 1037 508 1114 οὕτως
523 1037 605 1141 ὑπὲρ
620 1044 678 1112 σοῦ
693 1021 1000 1150 παριαέεταγρένους
1018 1040 1173 1118 denotor
1182 1041 1371 1139 ἀπέσφαξεν

247 1177 360 1246 ἑαυτόν
373 1171 401 1274 ¹)
428 1177 554 1266 Pergit
610 1240 612 1248 2
759 1257 762 1267 ¹

245 1413 248 1421 Ι
347 1336 382 1387 v.
410 1312 676 1390 16-18111111
702 1313 826 1384 τούτων
854 1313 947 1384 οὐδὲν
962 1313 1122 1400 ἐπέκλασε
1147 1317 1201 1387 τὸν
1223 1311 1369 1404 Ὄθωνα,

245 1450 375 1548 φαιδρῷ
403 1450 439 1520 δὲ
474 1452 528 1520 καὶ
560 1447 741 1522 καθεστῶτι
776 1453 948 1549 προσώπῳ
982 1455 1171 1550 πανταχόσε
1195 1454 1255 1532 τὰς
1282 1455 1375 1552 ὄψεις

243 1590 462 1686 περιαγαγών.
516 1588 637 1659 Simile
665 1590 749 1679 quid
775 1592 869 1679 apud
895 1591 1059 1664 Tacitum
1084 1613 1153 1664 non
1178 1592 1369 1679 invenitur,

245 1725 305 1796 sed
320 1691 490 1797 Othonem
512 1725 697 1796 consilium
712 1742 814 1796 suum
828 1747 894 1797 non
911 1733 1116 1800 mutasseet
1129 1751 1193 1820 per
1207 1751 1243 1802 se
1258 1751 1369 1821 appa-

243 1870 298 1936 ret
317 1870 353 1934 et
366 1864 400 1934 h.
419 1865 452 1948 2,
473 1865 532 1947 47,
549 1865 569 1934 1
586 1831 757 1971 traditum
771 1863 941 1935 habemus
956 1871 1026 1959 ipsc
1038 1887 1173 1937 aceruis
1185 1891 1206 1938 a
1219 1870 1369 1940 amicitiis

243 2001 328 2073 dclii.
372 2003 498 2073 Cetera
522 2007 601 2072 orta
619 2002 785 2074 videntur
808 2022 852 2072 ax
871 2002 955 2073 Tac.
982 2023 1001 2074 c
1026 2007 1085 2087 46,
1117 2007 1161 2076 14
1179 2010 1216 2076 ut
1228 2005 1373 2102 siccarat

242 2141 365 2211 arritum
395 2142 453 2210 aut
487 2137 699 2208 induraverat
728 2137 807 2209 otto
839 2145 873 2209 et
908 2139 1034 2231 1148,
1069 2144 1090 2210 3
1119 2142 1273 2234 Ιρίιισόιίιιε
1300 2167 1366 2218 ore.

347 2278 484 2349 Deinde
502 2282 650 2366 uterque
668 2276 820 2366 scriptor
834 2277 1028 2348 orationem
1044 2280 1192 2368 praebat
1206 2281 1367 2370 Othonis,

245 2433 351 2507 quam
368 2413 585 2487 Plutarchus
603 2433 673 2484 non
691 2415 736 2484 ad
762 2415 909 2488 uerbum
936 2415 1047 2487 vertit
1074 2419 1134 2488 sed
1161 2419 1201 2488 in·
1225 2421 1368 2494 univer-

242 2553 464 2625 sum-Tacito
483 2565 531 2622 se
552 2551 734 2642 applicans
753 2551 828 2641 ipse
848 2553 1053 2642 composuit„
1081 2560 1198 2646 atquo,
1226 2563 1269 2627 nt
1293 2579 1346 2628 om

241 2693 323 2762 nino
337 2690 487 2763 Othonis
503 2693 650 2763 mortem
668 2689 1039 2779 ampliuspraedicat·
1052 2691 1104 2762 ita
1122 2693 1205 2764 huic
1223 2713 1360 2784 quoque

243 2829 394 2901 orationi
420 2829 500 2918 plus
528 2828 663 2898 inducit
689 2827 828 2899 coloris
883 2866 885 2874 ι

342 2987 376 3040 v.
397 2965 547 3038 18421
568 2961 702 3060 ,ταύτη1
728 2964 817 3034 εἶπεν
837 2964 876 3047 ,ὦ
892 2961 1140 3061 συστρατιῶται,
1158 2965 1216 3061 τὴν
1233 2967 1362 3066 ἡμέραν

242 3099 373 3202 ἐκείνης,
402 3103 435 3174 ἐν
460 3097 484 3198 ᾗ
504 3126 546 3195 με
562 3109 694 3199 πρῶτον
713 3101 890 3197 ἐποιήσατε
910 3102 1139 3202 αὐτοκράτορα,
1158 3107 1357 3203 μακαριωτέν

240 3269 554 3294 ³--..uqa——n--aaea-‹u—omn—mnuy

343 3375 367 3442 l)
343 3371 578 3430 lPlutarchus
592 3369 716 3427 candem
728 3386 792 3426 ram
810 3369 957 3441 respicere
970 3370 1088 3430 videtur
1101 3387 1190 3442 quam
1203 3372 1275 3430 Suet
1263 3373 1363 3430 tonius

240 3462 271 3516 Ο.
290 3462 330 3532 10,
348 3460 466 3530 quicum
488 3457 608 3511 Cassius
630 3456 687 3510 Dio
710 3457 804 3525 64,11
833 3457 992 3538 consentit,
1011 3470 1063 3512 tunc
1084 3460 1118 3509 ad
1135 3459 1308 3542 despiciendam
1326 3464 1363 3512 vi-

239 3559 286 3599 rom
304 3547 407 3612 exemplo
425 3545 585 3610 manipularis
602 3543 684 3593 mitius
702 3542 849 3613 concitatum,
873 3531 915 3608 qui
932 3561 981 3594 crim
1000 3543 1090 3594 cladem
1108 3545 1224 3596 exercitus
1242 3540 1364 3598 nuntiaret

238 3654 279 3704 orac
297 3635 405 3699 cuiquam
419 3631 604 3695 fidansacarat,
622 3648 652 3679 ac
669 3645 729 3680 nunc
747 3629 854 3680 mendaci
870 3648 936 3704 nona
948 3631 1038 3704 amorio
1055 3647 1127 3694 quasa
1123 3631 1248 3696 sopierat.
1262 3651 1291 3688 ex
1308 3635 1362 3693 acie

238 3730 385 3788 torqueretur,
402 3718 485 3785 pladio
504 3726 556 3768 anta
572 3715 645 3782 pedes
664 3716 713 3766 eius
725 3717 866 3767 incubuerit.
897 3715 1001 3786 Itaque
1019 3719 1070 3767 aut
1088 3711 1163 3768 duae
1183 3722 1267 3771 arant
1283 3717 1362 3774 rela-

239 3805 343 3876 tiones,
363 3807 421 3873 ant,
439 3801 470 3856 id
483 3801 561 3872 quod
572 3799 645 3856 mihi
662 3801 725 3856 veri
744 3799 868 3856 similius
882 3799 1007 3869 videtur,
1026 3799 1204 3855 Plutarchus
1217 3805 1363 3860 memoria
1470 3786 1471 3792 ἵ

239 3892 332 3946 falsus
356 3908 419 3945 ram
442 3888 626 3943 notissimam
650 3905 741 3960 prava
761 3887 917 3969 enarravit
953 3887 1061 3940 Parum
1081 3887 1159 3940 enim
1178 3889 1303 3958 quadrat
1322 3893 1362 3947 ad

239 3965 417 4034 narrationis
440 3982 582 4031 tenorem
623 3971 736 4027 Idcirco
759 3962 830 4026 num
848 3955 1025 4028 Plutarchus
1044 3990 1229 4030 communem
1247 3967 1363 4030 fontem

241 4061 413 4136 diligentius
431 4060 611 4133 expresserit
627 4059 714 4116 valde
728 4059 837 4114 dubito
867 4058 941 4114 Mihi
962 4059 1081 4130 quidem
1099 4059 1175 4114 haec
1196 4059 1365 4120 narratiun-

241 4152 308 4208 cula
325 4166 385 4205 non
404 4163 470 4202 cum
489 4146 596 4202 ceteris
615 4163 651 4200 ax
669 4163 728 4201 uno
748 4145 910 4218 eodemque
928 4143 1010 4202 fonte
1029 4150 1147 4220 sumpta
1166 4145 1244 4238 sed'
1236 4164 1267 4200 m
1285 4146 1363 4206 inte·

239 4242 325 4314 grum
342 4232 521 4293 narrationis
540 4249 681 4300 conexum
698 4229 810 4290 inserta
829 4231 953 4290 videtur.
