3018 4796
119 291 164 362 G.
195 288 255 370 24,
283 303 359 359 1-c.

120 495 263 570 λοῢνοες.
296 485 394 585 ’μεθ’
418 489 485 558 ’ὥν
517 463 662 565 Ὄθωνος
712 509 784 559 riam
809 487 980 560 comedam
1001 487 1174 583 perductos
1189 545 1197 561 .
1215 544 1244 563 ..

125 626 351 725 ἀπελεύθερος
373 621 569 719 Ὀνόμαστος
595 623 662 696 ἐπι·
708 627 816 717 prelio
854 628 886 696 ct
918 629 1090 726 promissis
1133 631 1247 698 onerat

125 773 249 862 φοιτῶν
262 762 338 841 τοὺς
351 760 410 856 μὲν
421 761 577 858 ἀργυρίῳ,
586 761 661 837 τοὺς
712 760 791 832 data
811 767 953 856 pecccata
968 761 1014 837 ad
1024 765 1246 857 pertemptan-

124 901 161 974 δὲ
176 901 294 1012 ‘theles
313 896 499 995 dctrpheapsr
519 895 587 994 ἤδη
605 923 662 968 σα·
701 896 770 970 ,ᾰοε
789 899 939 992 ¹plurium
958 905 1105 972 anime.
1127 954 1136 972 .
1159 953 1169 971 .
1189 921 1246 971 crc-

123 1035 227 1134 θροὺς
261 1037 356 1112 ὄντας
395 1036 453 1104 καὶ.
488 1033 662 1127 δεομένους
712 1055 845 1130 sponsos
861 1036 1037 1108 remorum
1055 1020 1180 1110 camos
1196 1035 1247 1108 ‹ls-

125 1173 337 1272 προράσεως.
712 1177 816 1244 verset
840 1171 967 1277 artibus
988 1169 1208 1273 cichrrrlunffl).

127 1311 283 1416 Uterque
301 1310 440 1382 cosdem
458 1309 617 1382 homines
643 1308 818 1392 nominat.
838 1311 901 1381 sed
919 1331 1009 1400 quae
1036 1311 1129 1383 ratio
1156 1313 1251 1384 inter

124 1469 185 1521 eos
199 1447 450 1530 intercesserit,
469 1446 683 1518 Plutarchus
702 1467 771 1517 non
786 1453 898 1518 curat.
928 1446 1074 1545 ἀργυρίῳ
1089 1455 1124 1520 et
1142 1447 1248 1518 ἐλπίσι

123 1585 345 1675 respondent
353 1585 456 1676 pretio
470 1587 502 1654 el
507 1589 689 1677 promises,
704 1580 772 1679 ἤδη
786 1582 930 1680 σαθροὺς
943 1583 1251 1680 ὄνταςτ-οοοροιεοο

131 1699 270 1793 unimus.
323 1720 389 1790 Sed
413 1739 518 1792 uoces
544 1720 726 1792 tesserarii
753 1727 789 1791 et
816 1720 978 1812 optionis,
1006 1743 1084 1794 cunr
1111 1723 1248 1814 etipse

133 1859 181 1930 sit
214 1859 371 1930 Graecus
411 1862 447 1928 et
482 1856 630 1928 Graecis
676 1856 811 1929 scribat
849 1857 1052 1942 lectoribus,
1094 1860 1249 1948 explicat
1352 1851 1354 1860 ’

127 1995 248 2068 addito
276 1988 604 2090 otro-reloesrer2).

127 2147 437 2158 ——-—-..—-—-

230 2213 257 2276 1)
292 2210 418 2284 Adoptio
445 2208 525 2265 iacta
551 2215 597 2265 est
618 2209 657 2264 1v
670 2209 719 2264 id.
741 2209 809 2265 Jan.
831 2211 884 2278 (10.
906 2208 1044 2281 dannan),
1072 2227 1176 2266 caesus
1203 2218 1249 2268 est

126 2297 225 2354 Galba
241 2295 345 2352 XVIII
356 2296 410 2352 hal
423 2295 508 2352 Febr.
522 2296 573 2363 (15.
587 2295 608 2352 J
608 2297 720 2363 anuas).
754 2295 891 2350 Heraeus
904 2295 1025 2368 singula
1036 2296 1248 2354 coniurationis

127 2390 281 2438 momenta
291 2399 342 2454 per
354 2381 486 2456 singulos
498 2382 586 2438 huius
597 2381 754 2453 quadridui
763 2381 827 2436 dies
841 2381 1018 2440 distribuere
1029 2389 1159 2456 conatur.
1189 2385 1252 2444 Sed

128 2469 248 2524 frustra.
285 2467 358 2524 Λᾶν.
379 2473 445 2522 tum
463 2467 541 2531 (Tac.
560 2485 583 2522 c.
601 2467 643 2537 25,
663 2467 689 2536 1)
707 2467 743 2522 de
761 2458 809 2522 ῙΠ
826 2467 865 2522 id.
883 2468 950 2524 Jan
971 2467 1078 2540 accipit
1101 2475 1131 2524 et
1147 2468 1249 2525 Barbii

129 2553 301 2625 Veturiique
330 2553 565 2609 machinationes
597 2553 630 2608 in
657 2559 831 2624 sequentem
859 2553 937 2608 diem
966 2554 1072 2612 cadere
1102 2557 1246 2626 opinatur.

128 2641 195 2708 Quo
207 2639 398 2696 fundamento
411 2639 524 2696 incerto
537 2639 631 2694 utitur
643 2639 681 2694 ad
698 2639 796 2694 locum
813 2639 882 2694 Tac,
901 2657 925 2694 c.
935 2641 977 2709 26,
995 2640 1013 2694 4
1031 2639 1246 2713 explicandum,

124 2743 184 2798 qno
208 2725 286 2782 Otho
306 2733 428 2798 postero
450 2725 553 2781 iduum
573 2724 641 2782 Jan.
665 2722 714 2779 die
737 2723 790 2793 (ita
806 2723 942 2780 Wolfffin
963 2725 1061 2782 locum
1086 2720 1249 2793 constitnit)

123 2829 223 2884 paene
247 2811 410 2884 imperator
433 2812 636 2868 consalutatus
659 2827 725 2866 esse
747 2809 864 2866 dicitur.
908 2812 1006 2883 Atque
1030 2823 1150 2880 posterum
1171 2815 1250 2882 §duam

127 2900 187 2950 rilem
204 2898 288 2970 ipsas
305 2897 372 2952 idus
391 2915 458 2953 esse
475 2897 548 2968 vult,
566 2897 609 2952 ita
626 2901 661 2951 ut
675 2907 784 2962 postcras
801 2895 951 2968 pertineat
969 2897 1007 2952 ad
1023 2897 1250 2970 praecedentem

132 2982 215 3038 diem
252 2983 312 3038 Sed
330 2999 397 3037 cum
415 2981 515 3038 nullus
532 2982 596 3038 dies
615 2986 752 3040 accurate
770 2981 811 3036 sit
830 2982 978 3051 definitus,
991 2983 1035 3038 cd
1053 2999 1140 3055 quem
1156 2985 1252 3056 possit

132 3067 242 3138 referri,
263 3068 316 3124 illa
339 3068 496 3140 explicatio
519 3074 599 3124 stare
620 3085 681 3123 non
699 3072 805 3139 potest,
824 3068 1099 3141 desperandumque
1117 3071 1250 3142 singulos

133 3152 195 3208 dies
213 3154 389 3210 discernere.
431 3155 526 3222 Quem
543 3171 614 3210 vero
633 3153 732 3210 adfert
748 3153 883 3209 Heraeus
910 3153 1009 3208 locum
1036 3155 1252 3212 conclamatum

132 3239 190 3294 (lic.
211 3257 265 3311 pro
289 3240 372 3296 Sulla
393 3245 408 3306 ξ
431 3241 465 3294 52
485 3251 605 3306 posteram
628 3241 688 3291 diem
712 3259 826 3292 nonarum
849 3238 1023 3302 Novembrium,
1050 3241 1099 3296 hic
1124 3241 1207 3300 locus
1234 3260 1252 3296 a

131 3325 240 3383 Johnio
267 3325 464 3394 (Jahrbucher
491 3327 556 3382 1876
579 3326 673 3398 suppl.
698 3325 762 3396 vn,
780 3343 807 3401 p.
825 3325 886 3400 783)
908 3330 989 3380 recte
1013 3326 1177 3398 explicatus
1197 3334 1250 3405 est,

133 3427 218 3482 aquo
230 3411 419 3467 Mommsenii
431 3411 581 3466 sententia
592 3412 703 3479 (Herm.
715 3411 738 3482 Ι,
750 3429 778 3484 p.
785 3407 855 3480 433),
869 3427 956 3484 quam
961 3411 1097 3466 Heraeus
1109 3413 1250 3484 ementur,

130 3495 284 3553 refutatur.
324 3496 438 3552 Eadem
463 3497 669 3570 interpretatio
696 3497 746 3552 hic
771 3514 893 3569 quoque,
914 3497 1012 3552 locum
1037 3497 1135 3569 habet,
1163 3505 1250 3571 atque
1345 3481 1349 3502 ³

128 3581 350 3654 intellegendus
368 3589 414 3638 est
431 3582 502 3652 dies,
521 3582 572 3655 qui
588 3583 655 3638 idus
674 3588 793 3638 secutus
813 3589 866 3638 est.

231 3695 260 3764 2)
295 3692 409 3750 Nissen.
428 3712 456 3764 p.
474 3683 528 3748 504'
551 3693 704 3749 Plutarchi
732 3694 958 3766 explicationem
983 3688 1098 3770 διοπτὴρ
1120 3693 1257 3767 ineptam·

128 3786 161 3836 et
181 3797 220 3836 ex
238 3778 359 3835 nomine
378 3778 571 3851 speculatoris
590 3780 760 3836 coniectura
778 3779 942 3836 conlectam
958 3783 1052 3851 putat,
1066 3785 1096 3836 et
1105 3781 1254 3839 addidisse

125 3883 198 3922 eum
225 3861 381 3940 διάγγελος,
404 3881 471 3920 cum
495 3866 696 3938 speculatores
713 3861 884 3920 nuntiorum
906 3881 1027 3921 munere
1051 3865 1168 3922 tinctos
1187 3885 1253 3925 ease

126 3953 227 4008 sciret.
270 3949 330 4006 Sed
353 3950 508 4023 Sickinger
530 3952 549 4006 1.
567 3952 584 4006 l
603 3970 630 4024 p.
649 3953 683 4006 85
700 3957 781 4006 recte
803 3951 975 4006 Nissenium
990 3951 1146 4022 impugnat
1169 3959 1199 4008 et
1217 3965 1252 4010 eo

127 4037 220 4108 nisus,
239 4037 320 4110 quod
337 4037 413 4092 Plut.
432 4038 465 4093 G.
489 4038 523 4092 26
540 4040 676 4106 speculator
698 4043 780 4097 recte
804 4044 904 4094 vertat
923 4036 977 4092 τῶν
1000 4031 1051 4094 οὐκ
1078 4033 1197 4114 ἀσήμων
1224 4036 1253 4096 ἐν

129 4122 182 4185 τοῖς
205 4115 384 4200 δορυφόροις,
414 4123 480 4194 ipsa
505 4123 596 4178 verba
621 4123 762 4194 explicari
785 4123 948 4194 contendit,
978 4123 1021 4177 ita
1046 4127 1082 4177 ut
1107 4117 1254 4199 διάγγελος

129 4209 312 4281 respondeat
329 4208 498 4278 tesserario,
518 4203 635 4286 διοπτὴρ
659 4208 830 4271 coniectura
846 4209 944 4264 factus
962 4208 1003 4266 sit
1020 4226 1057 4266 ex
1075 4207 1202 4280 optione.
