3018 4796
1334 289 1354 357 7
1392 373 1393 381 .

204 579 207 586 ,
244 502 338 583 tiam,
366 499 482 568 adhue
502 499 599 565 tenet
612 487 651 591 ¹),
678 497 784 580 atque
807 491 844 560 iu
862 489 1107 560 dissertatione
1135 492 1235 561 modo
1263 491 1358 562 edita

242 636 479 723 Sichinger
494 627 526 729 ²)
561 632 635 702 sine
666 629 739 700 ulla
771 628 991 698 dubitatione
1022 628 1291 700 Mommsenium
1324 634 1360 699 et

231 772 442 844 Nissenium
471 768 638 858 sequitur,
673 766 825 856 itemque
851 767 896 836 H.
925 766 1078 855 Haupt
1103 765 1127 835 1.
1155 765 1199 848 1.,
1227 766 1289 836 ubi
1315 767 1358 836 de

241 910 374 1000 Langii
402 913 438 978 11
461 904 620 978 Kraussii
651 903 949 992 disputationibus
977 879 1063 990 agit,
1091 921 1173 972 num
1200 902 1253 988 illi
1279 923 1357 992 pro-

242 1045 362 1116 babile
391 1044 472 1134 quid
497 1041 744 1130 proposuerint
769 1039 873 1113 ualde
901 1040 1041 1108 dubitat
1057 1032 1099 1135 3).

343 1183 466 1269 Itaque
502 1197 571 1248 non
608 1177 672 1247 ahs
706 1196 745 1246 11
781 1175 921 1249 videtur
947 1195 1019 1245 rem
1047 1174 1266 1265 desperatam
1294 1175 1357 1245 ite·

242 1339 317 1388 rum
368 1321 589 1397 retractare,
643 1319 678 1383 et
730 1313 761 1382 si
813 1311 898 1382 mihi
951 1312 1155 1401 contingat,
1209 1319 1248 1383 ut
1299 1313 1356 1386 uel

238 1453 463 1544 paucissimis
504 1451 706 1540 scrupulum
750 1448 920 1532 eximam,
965 1468 1033 1538 quo
1073 1448 1153 1519 illos
1197 1451 1356 1520 deserere

239 1591 482 1680 prohibentur,
523 1608 577 1658 me
617 1606 743 1676 operae
782 1606 852 1656 non
886 1585 1090 1674 paenitebit.
1154 1588 1279 1676 Atque,
1315 1607 1358 1657 ne

243 1726 381 1815 longior
415 1724 478 1794 fiat
513 1722 779 1806 commentatio,
815 1723 981 1794 Suetonio
1017 1724 1209 1814 Cassioque
1243 1725 1358 1795 Dione

241 1862 410 1952 neglectis
445 1862 482 1932 iu
517 1862 602 1932 solis
634 1862 805 1932 versabor
831 1859 956 1930 Tacito
991 1866 1027 1931 et
1059 1861 1262 1932 Plutarcho.
1316 1862 1358 1932 Id

138 1965 140 1970 ¹
239 2019 345 2070 unum
360 1998 616 2080 adnotaverim
653 1998 810 2067 homines
846 1999 967 2067 doctos
1004 2017 1046 2067 ex
1083 1998 1250 2068 Suetonio
1281 1997 1356 2087 qui-

238 2138 316 2206 dem
337 2137 444 2228 plus,
483 2155 589 2224 quam
623 2155 689 2223 par
724 2139 786 2218 111,
823 2134 999 2205 extricare
1036 2134 1227 2223 studuisse3
1263 2153 1355 2218 nam,

239 2273 270 2343 si
304 2273 478 2361 prodigia,
515 2272 667 2354 fabulae,
703 2272 988 2342 narratiunculas
1029 2270 1236 2354 omittimus,
1277 2272 1355 2362 ipsa

241 2409 399 2479 narratio
418 2414 573 2479 remanet
600 2415 673 2478 tam
699 2409 828 2491 ieiuna,
856 2415 896 2479 ut
923 2430 1001 2479 cum
1028 2429 1144 2480 rerum
1172 2408 1355 2498 scriptoris

242 2545 304 2615 rix
322 2545 369 2616 sit
394 2547 638 2634 comparanda,
658 2565 768 2634 neque
788 2546 934 2614 multum
953 2547 1033 2615 inde
1051 2545 1163 2634 possit
1181 2547 1354 2618 concludi.

238 2683 383 2771 Itaque,
426 2701 503 2752 cum
538 2683 767 2753 Plutarchum
806 2704 827 2752 a
862 2682 988 2753 Tacito
1025 2684 1237 2774 exscriptum
1279 2705 1355 2756 esse

237 2819 444 2890 incredibile
480 2819 542 2902 sit,
585 2821 786 2909 quaeritur,
825 2825 943 2890 utrum
981 2821 1107 2892 Tacito
1143 2823 1357 2894 Plutarchus

240 2977 285 3026 an
317 2963 465 3046 uterque
498 2977 584 3026 usus
621 2957 667 3026 sit
700 2959 820 3027 eodem
853 2957 958 3027 sonte.
1018 2959 1096 3028 Hoc
1129 2960 1159 3029 si
1192 2959 1355 3045 efficitur,

237 3094 383 3165 minoris
401 3094 566 3164 momenti
585 3099 638 3164 est
656 3114 835 3183 quaerere,
854 3099 971 3164 utrum
990 3095 1127 3166 Plinius
1145 3116 1191 3167 an
1207 3097 1353 3169 Cluvius

236 3249 281 3301 an
309 3231 402 3304 alius
429 3231 507 3321 quis
536 3230 583 3302 sit
610 3237 734 3302 auctor
761 3230 963 3302 communis.

339 3500 366 3561 1)
402 3498 437 3553 cf.
456 3499 540 3552 Bure.
570 3499 605 3554 X.
623 3504 692 3555 tom.
711 3499 836 3554 XXXII.
854 3517 881 3570 p.
898 3497 948 3553 521
967 3499 1353 3570 11522111116111111-

239 3583 364 3637 eckeri
388 3591 605 3655 programmate
638 3586 701 3656 agit
733 3591 762 3640 et
788 3585 904 3639 facilius
932 3585 1030 3640 omnia
1056 3586 1197 3658 explicari
1223 3589 1302 3660 dicit,
1329 3591 1355 3646 si

237 3685 424 3724 communem
442 3670 555 3726 fontem
573 3676 746 3725 statuamus.

339 3772 366 3838 2)
403 3773 594 3843 Siokinger
613 3774 665 3842 „de
678 3772 798 3844 liuguae
812 3774 935 3828 Latinae
949 3774 1027 3844 apud
1038 3773 1228 3829 Plutarchum
1240 3782 1271 3831 et
1287 3778 1354 3832 reli-

234 3857 312 3928 quiis
332 3864 362 3912 et
379 3859 531 3929 1111113111α
552 3859 621 3913 diss,
640 3859 775 3930 Fhiburgi
791 3859 967 3930 Brisgaviae
986 3861 1058 3914 1883.
1077 3878 1103 3929 p.
1121 3861 1162 3914 85.

335 3961 363 4028 3)
399 3962 615 4016 Commentatio
633 3981 701 4015 mea
720 3979 786 4015 cum
804 3962 862 4015 iam
875 3963 955 4033 typis
969 3961 1189 4033 exprimeretur,
1208 3963 1353 4020 alibrario

235 4045 477 4102 dissertationem
504 4048 612 4118 accepi,
640 4065 729 4118 quam
756 4049 875 4118 scripsit
895 4049 966 4102 Max
988 4048 1078 4101 Puhl
1107 4048 1167 4115 „De
1185 4048 1300 4104 Othone
1324 4057 1354 4106 11

234 4131 353 4187 Vitellio
387 4133 628 4203 imperatoribue“
651 4135 736 4188 Halis
764 4134 823 4188 Sex
847 4135 920 4204 1883,
953 4134 1002 4205 qui
1034 4140 1063 4188 et
1083 4131 1155 4205 ipse,
1187 4152 1352 4206 quanquam

235 4231 316 4270 nova·
331 4235 392 4272 non
411 4218 508 4273 adfert
527 4226 710 4290 argumenta,
729 4221 841 4274 fontem
860 4219 964 4274 statuit
982 4237 1172 4275 communem.
