3018 4796
151 277 196 347 16
641 274 660 328 ⁴

214 555 216 560 ,
250 481 334 571 Oap.
363 483 607 554 XIX-XXI
638 483 851 556 Plutarchus
885 487 929 558 ad
961 489 1097 560 Galbae
1130 490 1263 562 exitum

146 620 275 689 transit
302 622 547 703 enarrandum,
575 629 620 704 et,
649 640 728 691 cum
759 625 969 710 praeteritas
996 646 1132 716 quoque
1164 648 1260 717 repe·

147 761 202 826 tat
226 776 293 839 res,
321 755 398 828 lieri
424 755 578 828 nondum
604 763 730 847 potest,
757 764 798 828 ut
832 762 953 832 statim
985 763 1114 852 ubique
1147 765 1261 836 conoi-

145 902 206 966 nat
244 913 322 966 cum
355 893 493 965 Tacito.
546 895 671 984 Itaque
703 900 798 965 certo
831 896 946 968 dicere
973 921 1042 971 non
1067 919 1260 990 possumus,

147 1053 214 1122 quo
241 1032 460 1122 potissimum
487 1033 565 1102 loeo
592 1031 724 1102 fontem
751 1033 952 1105 mutaverit.
1008 1037 1076 1108 Sed
1094 1038 1161 1110 hoo
1187 1038 1261 1110 fere

146 1171 222 1241 loco
250 1170 286 1238 id
304 1169 429 1239 fecisse
456 1169 606 1241 videtur.
653 1168 716 1239 Bis
735 1169 826 1239 enim
844 1169 1005 1240 nuntium
1030 1173 1262 1246 Germanicae

147 1307 329 1377 seditionis
351 1307 500 1378 Romam
527 1305 664 1376 venisse
690 1305 810 1390 refert,
838 1326 905 1396 quo
934 1307 1050 1378 Galba
1082 1307 1128 1378 ad
1154 1311 1260 1397 adop-

144 1445 289 1515 tandum
307 1448 554 1527 commovetur,
574 1449 609 1514 et
627 1462 657 1514 o.
682 1445 739 1527 19,
758 1445 780 1513 1
804 1487 811 1492 -
837 1447 857 1513 3
873 1449 907 1514 et
926 1465 955 1514 c.
974 1445 1032 1528 23,
1051 1446 1086 1514 1.
1132 1445 1260 1536 Atque,

145 1586 187 1651 ut
224 1586 340 1670 potest
380 1581 516 1669 opponi,
557 1580 632 1650 illic
673 1582 714 1650 de
748 1581 918 1651 seditione
939 1574 1096 1665 oriente,
1132 1581 1191 1652 hic
1218 1583 1260 1653 de

145 1723 267 1788 exorta
286 1717 356 1807 agi,
376 1717 428 1787 ita
454 1717 543 1786 illud
569 1716 655 1787 ferri
682 1717 812 1805 nequit.
860 1716 994 1786 Narrat
1024 1717 1116 1787 enim
1147 1737 1177 1788 c.
1211 1719 1258 1790 18

146 1858 188 1925 de
206 1855 370 1937 tumultu
391 1853 452 1944 qui
469 1850 551 1928 θέας
571 1849 671 1947 οὔσης
689 1853 742 1919 καὶ
759 1859 824 1919 τῶν
842 1850 1020 1947 χιλιάρχων
1038 1853 1089 1918 καὶ
1107 1851 1259 1942 λοχαγῶν
1390 1869 1397 1876 ·

1235 1985 1246 2009 Ι

143 1993 179 2061 τὸ
201 1987 373 2083 Ῥωμαίοις
406 1987 548 2085 σύνηθες
582 1987 732 2082 εὐτυχίαν
766 1985 997 2082 ἐπευχομένων
1030 1993 1079 2081 τῷ
1105 1983 1244 2080 αότοκρα

146 2154 214 2225 copi
239 2125 353 2226 Γάλβᾳ
380 2128 587 2209 exarsisset,
615 2146 704 2214 quae
725 2111 796 2193 <aa
824 2126 945 2194 eadem
970 2123 1081 2194 fuisse
1109 2123 1259 2203 videtur,

149 2287 218 2357 qua
246 2265 386 2347 milites,
406 2284 485 2334 cum
511 2263 588 2334 iure
607 2223 1010 2349 iurandoadigerentur‚
1030 2266 1150 2348 aperte
1169 2257 1262 2328 deie-

145 2409 267 2474 cerunt
293 2396 340 2499 (a.
371 2402 429 2484 22,
462 2402 504 2469 ll
534 2394 615 2495 νο).
669 2399 793 2487 Itaque
822 2398 1090 2468 e.18eandem
1118 2395 1259 2464 seditio·

145 2561 222 2610 nem
257 2539 526 2627 intellegendam
564 2555 698 2618 censeo,
736 2541 840 2624 quam
870 2533 1010 2622 quidem
1043 2531 1258 2602 Plutarchus

146 2679 254 2749 alium
280 2676 412 2747 fontem
438 2680 581 2744 secutus
608 2671 805 2742 describere
832 2669 996 2758 incipiam
1024 2667 1147 2736 deinde
1174 2683 1259 2736 vero

145 2822 291 2887 auctore
330 2818 465 2883 mutato
506 2810 744 2882 narrationem
784 2805 1007 2893 interrumpit
1047 2809 1082 2872 et
1117 2801 1162 2870 ad
1202 2819 1260 2870 res

144 2953 278 3025 Romae
315 2955 434 3040 gestas
470 2947 600 3018 transit
635 2939 682 3042 (o.
722 2947 780 3029 22,
815 2944 876 3014 ubi
909 2962 988 3012 oum
1006 3029 1007 3032 Ἴ
1022 2938 1147 3009 Tacito
1182 2957 1262 3007 oon·

146 3089 252 3180 gruit
281 3089 323 3158 de
349 3087 410 3156 illo
438 3085 533 3156 facto
561 3078 684 3179 tacet).
745 3083 869 3170 Itaque
896 3097 1003 3147 unum
1030 3075 1140 3146 fnisse
1174 3094 1262 3144 nun·

144 3230 233 3299 tium
264 3231 361 3315 puto,
399 3243 501 3314 quem
531 3220 744 3292 Plutarchus
782 3217 815 3286 in
849 3217 934 3286 duos
967 3213 1139 3286 diviserit.
1185 3213 1262 3295 Qua

147 3368 189 3437 de
208 3384 316 3436 causa
331 3361 475 3432 dubium
489 3365 552 3442 est,
571 3364 689 3428 utrum
707 3355 744 3425 in
761 3354 829 3424 hac
848 3353 943 3425 vitae
963 3359 1074 3440 parte,
1103 3349 1164 3420 ubi
1183 3369 1262 3419 cum

148 3502 282 3574 Tacito.
300 3503 483 3588 congruat,
511 3496 581 3566 iam
608 3511 737 3566 novum
765 3496 905 3561 secutus
927 3486 1131 3568 sitientem,
1161 3505 1262 3575 quem

149 3640 312 3712 Tacitum
326 3636 436 3708 fuisse
451 3633 619 3725 suspicor,
647 3651 692 3700 an
707 3630 863 3710 eundem,
883 3647 904 3696 a
919 3645 986 3715 quo
1000 3624 1151 3712 priorem
1165 3622 1261 3695 vitae

148 3781 283 3866 partem
307 3773 477 3844 hauriret.
523 3770 624 3840 -Sane
650 3767 767 3857 potuit
793 3765 912 3854 aliqua
940 3777 965 3832 a
980 3762 1104 3833 'Pacito
1130 3762 1257 3846 petere.

149 3914 235 3984 Inde
254 3917 381 3994 autem,
411 3911 502 3999 quod
521 3909 613 3976 inter
638 3905 724 3974 duos
742 3903 856 3973 tontes
874 3899 1038 3981 haesitat,
1066 3891 1262 3965 obscuritas

151 4052 320 4143 quaedam
340 4047 467 4128 evasit,
495 4050 530 4114 et
547 4041 660 4133 prima
679 4043 788 4114 verba
807 4038 978 4109 transitus
997 4051 1103 4105 causa
1129 4030 1262 4099 inserta

151 4190 326 4270 uidentur,
353 4205 432 4254 oum
460 4181 606 4253 Tacitus
634 4187 766 4249 certum
795 4176 927 4246 factum
954 4170 1102 4242 referat:
