3018 4796
1278 262 1322 331 11

211 467 346 559 quando
381 465 588 554 scriptorem
622 462 775 552 aliquem
806 463 962 533 laborem
994 483 1016 532 a
1047 462 1210 534 Nissenio
1237 464 1324 536 veti·

207 611 282 676 tum
309 602 506 690 suscepisse
539 606 574 671 ct
606 605 790 671 auctorum
825 600 984 671 diversas
1017 601 1207 672 relationes
1234 600 1327 674 inter

207 762 246 812 se
273 758 509 830 comparasse.
567 736 659 806 Sane
685 737 753 806 boc
778 736 1027 806 vindicandum
1055 737 1123 807 erit
1149 738 1324 828 scriptori,

207 879 309 950 cuius
335 876 474 948 interiit
497 875 596 957 liber,
625 873 779 963 dicitque
803 873 931 946 Nissen
946 868 975 969 ¹)
1006 881 1067 962 „ut
1089 875 1212 963 paucis
1235 896 1327 946 com-

206 1017 414 1104 plectamur,
442 1031 530 1102 quae
549 1011 818 1100 disputavimus,
846 1011 1060 1095 Plutarchus
1079 1019 1222 1084 auctore
1241 1033 1325 1083 usus

211 1156 273 1236 est,
302 1151 359 1240 qui
382 1171 450 1240 quo
474 1149 650 1220 moderes
669 1152 791 1236 gestae
809 1154 926 1219 essent
943 1148 1211 1237 diligentissime
1228 1170 1324 1221 scru-
1393 1163 1398 1172 ·

208 1293 302 1358 tatus
321 1287 377 1372 sit,
407 1286 467 1375 qui
486 1291 523 1356 ct
540 1287 585 1356 ab
605 1285 660 1367 iis,
689 1284 823 1374 quires
842 1304 962 1356 coram
979 1285 1153 1370 viderant,
1181 1307 1324 1376 percon·

204 1432 302 1496 tatus
317 1424 365 1495 sit
378 1431 413 1494 et
427 1423 538 1493 libros
553 1421 665 1492 editos
684 1420 907 1493 adhibueris
925 1423 983 1494 vel
1000 1423 1161 1512 „etiamsi
1179 1424 1325 1496 Tacitus

204 1561 362 1648 vestigia
380 1558 531 1630 fontium
553 1559 865 1648 pervestigationis
891 1561 936 1631 ab
964 1567 1108 1631 auctore
1133 1567 1325 1651 usurpatae

143 1735 146 1745 ι
208 1661 377 1767 maiorem
395 1702 530 1786 partem
549 1696 689 1780 delevit,
705 1702 824 1768 tamen
841 1717 911 1767 non
928 1718 1043 1787 pauca
1062 1707 1272 1789 supersunt.
1291 1755 1297 1768 .
1316 1755 1323 1770 .

208 1835 378 1922 Apparet,
406 1853 477 1922 qua
495 1832 681 1922 diligentia
708 1839 743 1907 et
759 1835 947 1924 prudentia
973 1855 1058 1906 usus
1086 1837 1133 1908 sit
1159 1842 1317 1910 auctor.“

203 1970 341 2041 Plinius
355 1969 477 2058 igitur,
498 1969 528 2038 si
543 1969 744 2040 Nissenium
764 1991 960 2059 sequamur,
980 1978 1019 2043 ut
1037 1973 1139 2044 homo
1158 1976 1323 2065 antiquus

205 2127 286 2178 vere
322 2107 506 2176 habendus
548 2105 596 2176 sit
633 2105 840 2190 historicus
884 2129 963 2179 cum
997 2109 1143 2182 Tacitus
1186 2113 1323 2184 scribae

204 2247 350 2316 iunctus
378 2245 424 2314 sit
450 2263 604 2316 munere.
658 2245 759 2329 Quod
785 2249 830 2318 ab
865 2249 959 2318 omni
984 2250 1236 2339 probabilitate
1262 2255 1322 2323 ab·

207 2382 341 2451 horret.
396 2382 527 2453 Oontra
554 2384 757 2466 tenendum,
792 2386 884 2474 quod
911 2387 994 2457 libri
1019 2389 1148 2476 perditi
1174 2391 1326 2480 scriptor

206 2517 518 2607 sarcasmorum,
548 2519 623 2592 sive
654 2521 803 2604 Plinius
832 2522 907 2594 sive
931 2524 1094 2608 Cluvius
1128 2526 1203 2597 sive
1232 2528 1324 2599 alius

204 2655 284 2743 quis
318 2655 399 2739 fuit,
434 2657 501 2728 boc
535 2659 659 2730 Tacito
693 2680 763 2729 non
798 2679 874 2730 esse
902 2662 1153 2749 denegandum.
1224 2665 1324 2747 Quod

169 2871 174 2876 ³
205 2811 288 2862 vero
330 2792 456 2864 Nissen
507 2795 584 2866 loco
634 2795 753 2885 aliquo
795 2797 888 2867 omni
930 2797 1080 2868 fontium
1124 2806 1323 2888 perscruta·

206 2927 299 2998 tione
333 2930 381 3000 id
401 2931 463 3019 agi
496 2933 597 3016 dicit,
631 2939 671 3003 ut
703 2954 746 3003 ex
781 2933 1030 3005 historicorum
1065 2937 1167 3026 quasi
1199 2943 1324 3008 catena

205 3066 358 3152 quadam
391 3067 516 3138 circuli
550 3069 723 3157 deperditi
755 3070 993 3158 reperiantur,
1028 3078 1123 3143 recte
1156 3072 1216 3142 ille
1248 3053 1323 3162 qui-

205 3203 281 3271 dem
321 3203 388 3274 hoc
429 3204 527 3275 dicit.
594 3206 630 3276 Si
673 3214 790 3277 autem
823 3207 914 3278 hanc
948 3209 1109 3297 regulam
1143 3210 1255 3281 secuti
1282 3231 1322 3280 eo

209 3337 419 3424 deducimur,
460 3346 514 3426 ut,
559 3343 770 3435 ubicumque
823 3344 890 3415 duo
944 3345 1133 3434 scriptores
1185 3346 1323 3436 antiqui

208 3471 300 3542 inter
341 3497 376 3548 se
427 3480 657 3563 consentiant,
711 3482 855 3552 tertium
907 3483 1060 3572 aliquem
1112 3490 1320 3566 statuamus

201 3609 343 3680 etiamsi
365 3613 397 3683 id
424 3619 516 3706 quod
549 3616 703 3688 efficitur
730 3620 900 3702 omnibus
929 3641 1018 3709 quae
1046 3622 1087 3691 de
1116 3621 1160 3690 iis
1188 3621 1319 3691 tradita

198 3745 405 3834 habeamus,
432 3760 614 3843 repugnet,
644 3756 680 3823 in
702 3757 984 3844 dogmatismum
1014 3758 1073 3848 qul
1103 3760 1242 3841 dicitur,
1269 3759 1321 3828 in-

195 3883 359 3969 cidimus
388 3890 450 3976 qui
476 3911 498 3960 a
525 3892 774 3979 superstitione
792 3900 928 3966 tantum
948 3897 1126 3986 discrepat
1148 3907 1317 3986 quantum

301 4190 328 4252 1)
363 4189 497 4245 Nissen
515 4207 542 4260 p.
559 4192 609 4245 508
628 4199 658 4247 et
675 4195 733 4248 514.
