3018 4796
112 329 158 396 Θ.
192 328 254 406 26,
281 340 392 396 ili-26.

33 545 37 552 '
114 530 170 600 ἐπὶ
182 525 212 625 ¹)
227 527 287 603 τὰς
301 525 401 602 στοὰς
413 525 464 594 καὶ
478 525 518 594 sd
531 524 681 620 perturpe
733 523 852 618 eulogio
878 523 910 591 ot
929 526 1057 614 priores
1081 523 1112 589 o
1134 521 1243 615 fictori

113 673 173 762 τῆς
201 665 328 759 ἀγορᾶς
355 664 468 758 ὥσπερ
488 660 568 730 θέαν
587 681 682 729 κατα·
731 664 900 751 principos
923 662 1157 752 terroremque
1179 663 1240 727 rri-

111 801 360 900 λαμβανόντων.
735 819 797 866 roos
818 795 965 888 facerent
989 795 1118 866 scolius.
1142 836 1179 866 .·.

111 937 336 1011 Plutarchus
363 935 475 1025 igitur
501 940 541 1005 ut
568 933 687 1006 Taciti
704 932 919 1004 narrationis
943 909 1165 1003 altitudinem
1184 933 1242 1004 hic

108 1079 264 1167 panium
295 1072 480 1162 infringit,
513 1071 565 1142 ita
600 1071 750 1161 singulis
783 1071 820 1140 in
853 1072 959 1140 rebus
990 1069 1134 1142 ‘videtur
1167 1091 1243 1140 esse

121 1212 337 1302 diligentior.
397 1211 489 1280 Nam
522 1215 557 1280 ot
590 1209 725 1300 equites
759 1217 795 1279 ct
827 1208 962 1297 pedites
996 1213 1244 1278 commemorat

121 1347 287 1448 (Tacitus
315 1349 411 1420 solos
437 1342 590 1443 equites)
617 1352 653 1417 et
679 1367 738 1418 eos
765 1365 828 1437 per
851 1346 957 1417 Pauli
979 1345 1164 1416 basilicam
1183 1346 1243 1415 ad·

119 1489 378 1579 propinquasse
393 1491 528 1556 narrat.
555 1486 723 1555 Fortasse
744 1484 812 1556 hoc
825 1484 918 1554 alius
931 1483 1040 1554 fontis
1054 1483 1244 1573 vestigium

123 1631 190 1708 est,
218 1625 280 1695 sed
297 1623 375 1693 fieri
394 1627 520 1712 potest,
548 1627 589 1693 ut
606 1621 694 1692 illud
719 1622 913 1692 exornandi
931 1605 1040 1693 causa
1058 1621 1245 1704 addiderit,

127 1763 196 1832 hoc
221 1761 298 1850 ipse
324 1765 535 1850 compertum
557 1760 733 1832 habuerit.
787 1759 936 1832 Omnino
956 1761 1093 1831 Galbae
1112 1760 1246 1830 exitum

129 1905 295 1988 tanquam
323 1897 479 1968 fabulam
507 1897 543 1968 in
569 1898 710 1968 theatro
738 1903 853 1968 actam
887 1917 1081 1986 proponere
1115 1898 1242 1968 studet.

124 2038 249 2126 Itaque
275 2041 312 2106 et
340 2035 459 2106 Taciti
485 2034 619 2104 recreor
642 2033 734 2126 plebe
760 2041 827 2105 etc.
856 2034 1032 2124 copiosius
1066 2034 1176 2107 vertit
1209 2039 1244 2103 et

123 2173 313 2264 postremis
355 2172 476 2245 verbis
519 2191 593 2242 rem
632 2178 776 2243 enarrat
819 2193 909 2263 qnae
954 2172 1133 2244 credibilis
1173 2193 1243 2242 non

128 2317 194 2380 est.
250 2310 341 2380 Sane
372 2310 519 2382 Tacitus
551 2329 688 2400 quoque
714 2331 788 2380 rem
815 2331 920 2401 quam
939 2310 1090 2380 maxime
1108 2310 1245 2380 sollem-
1330 2301 1334 2312 '

132 2467 211 2517 nem
230 2445 363 2535 effingit
381 2452 417 2517 et
444 2467 474 2517 c.
495 2448 554 2530 40,
584 2451 604 2517 2
631 2448 798 2518 basilicas
822 2453 857 2517 et
874 2449 1004 2537 templa
1023 2447 1247 2518 multitudine

128 2584 366 2673 spectaculum
384 2585 528 2675 aliquod
551 2590 777 2674 exspectante
801 2586 973 2674 completa
991 2585 1100 2656 fuisse
1118 2604 1244 2655 memo·

120 2728 192 2792 rat.
257 2722 326 2792 Sed
361 2723 430 2794 hoc
465 2729 546 2794 ante
583 2725 772 2794 adventurn
808 2723 1086 2795 Othonianorum
1113 2711 1246 2794 iactum

121 2865 187 2930 est.
253 2859 356 2944 Quod
391 2881 475 2933 vero
510 2861 667 2950 piebem,
703 2861 806 2952 quasi
845 2862 974 2932 milites
1009 2862 1247 2950 inrumpentes

125 3015 348 3088 nequaquam
374 2997 525 3081 timeret,
559 3020 628 3069 non
664 2998 857 3088 diffugisse·
885 3000 946 3070 sod
980 2999 1017 3069 in
1051 3001 1147 3070 tecta
1181 3002 1247 3068 eto.

128 3135 325 3205 escendisse
352 3135 567 3206 Plutarchus
593 3137 720 3225 prodit,
748 3137 815 3207 hoc
841 3157 910 3207 non
937 3133 991 3206 est
1017 3136 1194 3208 credibile.

128 3309 162 3358 v,
192 3288 343 3358 23-26
374 3281 526 3357 Ἀτιλλίου
553 3288 590 3358 δὲ
642 3294 672 3344 c.
689 3275 852 3362 41,1sq.
868 3279 1249 3344 oisoooromr'nosorrno·
1315 3329 1325 3350 ,

129 3415 590 3523 ΒεργελίωνοςεῑκόναΓάλβα
642 3395 745 3463 lorum
777 3398 909 3488 agroino
936 3392 1126 3464 nomiliarius
1140 3397 1250 3462 eorru-

127 3559 403 3656 προσουδίσαντος
417 3559 524 3656 ἀρχὴν
533 3568 588 3631 τοῦ
643 3514 727 3584 toioo
763 3513 895 3583 Golboor
927 3511 1065 3584 cohortis
1098 3511 1250 3602 (otiorum

648 3630 858 3728 Vergilionem
882 3637 985 3725 fuisso
1012 3631 1163 3719 trudoni)
1195 3629 1251 3712 do-

354 3819 356 3821 .
641 3755 765 3844 raptem
809 3751 930 3823 Goldoo
965 3757 1142 3844 imaginem
1185 3750 1253 3820 soto

123 3835 330 3932 ρῑηκόντωαν
370 3834 406 3902 τὸ
446 3841 587 3930 ΨΟΡΕῙΟΨ
641 3870 786 3966 odslior't:
825 3895 861 3942 oo
896 3879 993 3968 sigeo
1020 3870 1190 3964 orooifesto
1217 3873 1251 3937 o'rr

124 3696 274 3790 πολέμου
294 3696 510 3792 ποιησάμενοι
527 3724 588 3768 πε-

231 4072 258 4126 1)
290 4063 336 4126 ἐπὶ
345 4070 579 4140 transposuerim
597 4074 666 4125 ante
684 4063 761 4128 θέαν.
790 4071 838 4126 Ita
860 4072 919 4127 duo
937 4070 1079 4126 habemus
1097 4067 1252 4142 participia

130 4156 214 4227 plane
237 4156 296 4214 sibi
319 4156 537 4228 respondentia.
560 4155 669 4212 Dubito
688 4157 778 4227 enim,
797 4175 868 4213 num
888 4157 946 4213 dici
962 4156 1059 4229 possit
1083 4148 1153 4212 θέαν
1167 4167 1253 4211 κατα-

132 4247 290 4331 λαμβάνειν.
