2982 4794
287 295 356 368 132
1146 293 1186 367 Ο.
1218 295 1275 376 10,
1294 310 1397 370 m-n.

383 504 437 573 De
463 504 596 593 proelio
625 505 660 574 in
688 503 830 575 flumine
857 508 934 574 orto
961 502 1202 574 consentiunt:

242 610 244 620 ¹
280 660 314 711 v.
336 641 482 711 15-17
503 643 532 710 οἱ
550 639 587 709 δὲ
605 636 766 738 Fen-[c.
797 640 855 724 35,
883 643 905 712 1
934 645 965 710 al
989 643 1063 710 erat
1086 639 1196 710 lassata
1220 659 1316 708 omaro
1335 659 1399 707 mo-

282 777 377 867 μανοὶ
429 782 494 852 τοῖς
536 769 689 854 Ὄθωνος
737 761 799 843 dio,
834 766 870 830 o'a
901 781 999 855 qraaoa
1028 759 1232 857 gladiatores
1266 754 1401 830 uocibus

736 881 911 972 malleator,
943 880 1097 950 Germani
1108 880 1232 951 ‘nando
1253 874 1400 973 perlabe-
1471 923 1472 930 κ

737 998 866 1071 laclia.
905 1022 944 1071 ao
965 1001 1052 1092 sorta
1072 1000 1190 1093 placeas
1215 1002 1403 1097 transgres-

736 1143 816 1192 sos.
839 1176 847 1192 .
869 1175 876 1192 .
899 1118 1004 1192 Macar
1023 1118 1239 1216 adgraditur:
1266 1121 1327 1192 aad
1345 1175 1353 1194 .
1372 1176 1402 1194 ..

701 1239 868 1311 ‘amolire
907 1247 942 1310 ia
983 1240 1065 1310 rado
1108 1239 1195 1311 altro
1241 1240 1404 1338 Germani,
1471 1267 1472 1278 ¹

737 1363 897 1432 rotarioro
909 1382 1052 1454 pappos,
1071 1359 1225 1432 scandona
1239 1363 1333 1459 soros
1351 1365 1407 1432 acl

280 1461 415 1557 ὀλίῖθυς·
524 1475 527 1492 ’
737 1487 913 1552 comminus
939 1501 1095 1577 mergara.

281 1618 342 1688 sed
376 1618 522 1691 Tacitus
557 1619 666 1690 multo
703 1619 906 1690 accuratior
940 1623 1004 1690 est.
1067 1617 1296 1690 Gladiatores
1325 1620 1404 1692 Plu-

280 1738 426 1809 tarchus
452 1758 544 1809 nunc
572 1739 709 1808 demum
736 1745 995 1809 commemorat.

376 1876 737 1949 Animadvemenoum
751 1895 899 1967 quoque,
914 1880 1101 1965 utrumque
1116 1877 1329 1966 scriptorem
1345 1879 1403 1948 hoc
1473 1943 1474 1946 ,

264 2015 358 2085 ¹loco
378 2015 574 2086 Germanos
592 2013 782 2104 appellare,
803 2013 862 2106 qui
881 2013 974 2083 infra
994 2006 1045 2108 (h.
1068 2015 1100 2096 2,
1121 2014 1179 2097 43,
1202 2015 1265 2103 12;
1284 2015 1328 2086 Ο.
1349 2007 1411 2111 12)

283 2152 416 2226 Batavi
449 2156 637 2255 uocaui-ur,
671 2152 732 2242 qui
766 2171 956 2223 consensus
990 2150 1138 2225 samnito
1172 2152 1235 2225 vix
1270 2152 1415 2224 exstitit

280 2284 415 2387 (Gerst.
436 2311 469 2380 p.
492 2285 568 2384 53).

384 2429 510 2517 Itaque
538 2445 617 2496 cum
645 2425 923 2497 Gersteneokero
951 2426 1023 2495 tria
1049 2425 1277 2498 diiudicanda
1307 2433 1413 2498 sunl:

284 2560 322 2661 l)
350 2565 524 2636 Caecinae
551 2561 706 2634 fluminis
734 2561 1018 2652 transgrediendi
1045 2569 1193 2635 conatus
1210 2568 1247 2634 et
1264 2563 1415 2653 gladia·

281 2707 397 2772 torum
425 2699 596 2784 defensio,
635 2695 674 2797 2)
702 2702 845 2771 navium
873 2700 1170 2771 incendiariamm
1197 2707 1414 2792 apparatus
1468 2691 1476 2864 ⁴

282 2834 322 2936 3)
348 2838 520 2928 proelium
547 2838 583 2907 in
616 2837 759 2908 flumine
791 2843 961 2909 exortum.
1016 2821 1170 2906 Primam
1198 2841 1234 2905 et
1260 2836 1418 2909 terciam

280 2996 354 3047 rem
368 2975 516 3046 Tacitus
530 2975 641 3046 mullo
662 2975 868 3066 diligentius
887 2979 1031 3057 tractat,
1050 2973 1240 3046 secundam
1258 2973 1412 3047 omittit.

281 3115 384 3204 Apud
403 3113 633 3185 Plutarchum
660 3119 789 3184 exstet.
838 3113 936 3198 Quae
964 3132 1048 3184 vero
1076 3111 1220 3182 exhibet
1246 3131 1318 3182 non
1350 3114 1409 3184 ab·

279 3252 425 3324 horrent
457 3273 479 3322 a
511 3251 588 3326 veri
620 3251 864 3335 similitudine,
891 3270 1003 3341 neque
1037 3269 1157 3321 errore
1189 3269 1234 3319 ex
1266 3249 1415 3338 gladia-

278 3395 394 3461 tormn
429 3389 753 3479 Germanorumque
785 3387 919 3476 proelio
952 3392 1037 3458 nata
1071 3405 1147 3456 esse
1182 3385 1415 3472 crediderim,

281 3548 480 3620 quanquam
513 3525 682 3598 nonnulla
715 3529 798 3596 sunt
828 3522 970 3592 similia.
1033 3523 1229 3593 Mommsen
1261 3545 1294 3614 p.
1333 3528 1414 3597 309
1475 3603 1476 3622 χ

281 3661 446 3740 Tacitum
472 3668 628 3748 accusat,
657 3662 751 3752 quod
768 3659 857 3729 illud
881 3657 1049 3742 omiserit,
1078 3679 1157 3732 cum
1183 3660 1236 3734 ita
1262 3649 1420 3736 initium

280 3804 406 3897 proelii
440 3806 535 3873 cerlo
572 3799 800 3869 fundamento
829 3801 950 3867 careat
975 3815 1087 3888 neque
1107 3797 1296 3869 cohaereat
1326 3819 1422 3874 cum

282 911 480 1008 μονομάχοις
489 914 563 1010 περὶ
572 913 689 1011 νησῖδα

280 1054 336 1120 ταῦ
367 1056 516 1141 ποταμοῦ
552 1053 688 1148 προσμί-

282 1186 390 1266 ξαντες
423 1188 604 1285 ἐκράτησαν
637 1189 689 1260 καὶ

227 1372 230 1385 ·
280 1324 467 1422 διέφθειραν
494 1327 602 1396 αὐτῶν
630 1327 690 1396 αὐκ

281 3986 472 4070 ακευασμένην
480 3989 633 4060 coniungit
642 3989 712 4060 ‚Dae
723 4003 821 4059 gegen
831 3987 994 4042 dieFeinde
1001 3987 1237 4044 inBereicschast
1245 3987 1424 4059 gehaltene

280 4080 372 4148 Helm,
387 4079 440 4134 sed
453 4079 610 4135 verborum
622 4074 786 4132 conlocatio
798 4074 855 4130 hoc
867 4077 958 4130 velat.
994 4074 1146 4130 Pessimus
1161 4076 1197 4129 ee
1206 4079 1422 4146 transponere

281 4171 350 4224 unce
368 4157 641 4243 παρεσκευασμένην.
684 4161 830 4236 Equidem
860 4179 896 4218 ea
922 4160 1083 4218 deleverim
1111 4167 1144 4216 ut
1170 4157 1422 4222 additamentum

282 4253 354 4328 cius,
373 4254 423 4328 qui
440 4253 538 4312 locum
556 4267 647 4328 prave
665 4249 853 4311 intellexeris.
