3018 4796
182 305 231 375 12

182 533 286 586 ovum
313 514 358 584 ab
386 533 452 585 ovo
480 513 695 603 multumque
722 511 893 583 excitavit·
920 513 1144 583 calamitatis.
1190 517 1297 588 Velut

180 648 217 717 in
244 649 447 738 quaestione
481 651 523 718 de
556 650 710 732 ratione,
745 668 835 738 quae
869 649 1062 720 intercedat
1095 650 1293 725 interlin.

179 785 270 872 XXI
301 791 337 856 et
362 786 487 874 Polyb.
521 787 589 868 ΙΙΙ,
624 786 666 867 ii,
702 786 762 875 qui
793 786 906 873 legem
939 787 1183 857 Nissenianam
1216 787 1294 856 dili·

179 927 303 1010 genter
330 924 530 1005 obscrvant,
558 923 594 992 in
621 923 755 992 incerta
783 922 993 1011 minimeque
1020 923 1218 1012 probabilia
1237 925 1293 994 de-

178 1058 270 1147 lapsi
298 1065 388 1129 sunt.
434 1059 556 1139 Immo,
585 1059 797 1149 ubiqumque
816 1059 947 1128 similes
966 1060 1055 1129 duae
1074 1063 1294 1132 narrationes

176 1200 328 1277 exstant,
356 1215 425 1266 non
453 1195 573 1266 statim
597 1196 723 1266 tertius
742 1196 871 1285 aliquis
899 1195 1050 1284 scriptor
1077 1200 1294 1280 statuendus

178 1333 237 1404 sed
265 1338 387 1402 mutua
422 1337 459 1402 et
489 1332 683 1403 similitudo
717 1341 752 1403 et
784 1330 1021 1422 discrepantia
1053 1351 1189 1402 sumnia
1216 1334 1295 1402 dili-

178 1470 298 1558 gentia
337 1471 592 1558 perscrutanda
629 1475 664 1540 et
699 1472 952 1560 quaerendum,
991 1489 1104 1540 nonne
1143 1469 1294 1540 alterum

177 1605 289 1676 altero
316 1625 418 1676 usum
445 1627 521 1676 esse
547 1605 659 1695 possit
686 1607 847 1695 cogitari.
895 1608 1007 1690 Quam
1033 1607 1156 1694 legem,
1184 1606 1215 1676 si
1242 1612 1295 1676 est

176 1743 242 1828 lerq
269 1742 391 1812 inhac
410 1761 548 1831 quoque
568 1743 771 1831 quaestione
799 1761 926 1831 sequar
949 1749 994 1824 et,
1022 1751 1211 1830 antequam
1230 1743 1295 1812 ali·

108 1961 112 1969 ,
178 1878 260 1967 quid
293 1880 335 1950 de
367 1880 572 1950 auctoribus
607 1880 794 1961 coniciam,
832 1899 921 1967 quae
954 1879 1001 1947 sit
1026 1879 1119 1948 ratio
1148 1879 1294 1967 scripto-

178 2035 257 2086 rum
283 1989 410 2088 iterum
438 2037 612 2108 quaeram.

279 2154 408 2224 Miram
435 2173 510 2224 esse
542 2152 804 2222 similitudinem
833 2151 925 2220 inter
952 2149 1115 2220 Tacitum
1147 2155 1182 2220 et
1212 2150 1294 2220 Plu-

176 2291 337 2362 tarchum
389 2289 577 2360 identidem
628 2291 958 2359 demonstraverunt
1000 2287 1157 2356 homines
1201 2287 1296 2362 docti

177 2428 347 2517 imprimis
366 2427 605 2509 Wiedemann‚
620 2426 736 2507 Peter,
764 2425 958 2494 Mommsen
974 2417 1012 2519 ¹).
1060 2421 1127 2492 Sed
1155 2425 1196 2493 de
1216 2443 1296 2494 con-

176 2587 281 2636 sensu
299 2587 369 2636 non
387 2571 498 2654 agunt
520 2563 589 2634 nisi
607 2564 645 2632 iu
666 2562 869 2634 universnm
888 2565 924 2630 et
941 2561 1062 2630 statim
1082 2599 1131 2610 -
1150 2560 1185 2630 id
1205 2561 1296 2650 quod

175 2703 364 2792 praecipue
378 2702 415 2771 in
429 2701 630 2806 Nissenium
645 2699 801 2770 cadit-
815 2699 857 2767 ad
875 2698 1114 2785 quaestionem
1128 2697 1295 2767 leviorem

177 2839 390 2929 transgressi
409 2838 540 2908 fontem
555 2857 655 2926 quem
672 2834 851 2906 coniciunt
865 2855 1080 2905 communem
1096 2835 1295 2903 coniectura

178 2976 331 3066 reperire
358 2977 509 3046 student.
557 2972 728 3064 Equidem
756 2977 860 3042 antea
879 2973 921 3040 de
945 2970 1148 3061 quaestione
1167 2968 1295 3058 prima·

179 3115 234 3185 ria
260 3115 433 3202 agendum
452 3118 547 3201 puto,
575 3109 666 3181 unde
685 3109 820 3197 aliquid
843 3109 1120 3178 redundaturum
1141 3106 1295 3176 arbitror

179 3253 234 3323 ad
257 3251 426 3321 iudicium
459 3251 501 3320 de
540 3246 724 3318 Plutarchi
766 3245 861 3318 vitas
896 3245 1122 3356 componendi
1158 3238 1294 3308 ratione

180 3389 371 3460 ferendum.
424 3389 547 3474 ltaque
573 3383 796 3454 narrationes
823 3400 944 3452 rursus
973 3379 1145 3450 conferam
1174 3382 1208 3444 et
1235 3376 1296 3446 ubi

182 3533 216 3597 et
243 3547 310 3616 quo
329 3526 430 3594 modo
457 3530 520 3594 aut
547 3521 768 3592 consentiant
795 3526 858 3590 aut
884 3517 1048 3588 differant
1075 3513 1293 3583 examinabo.

183 3663 274 3734 Sane
302 3661 453 3733 omnium
480 3660 631 3749 primum
658 3657 903 3745 inquirendum
930 3657 1021 3720 esset
1038 3650 1076 3720 in
1100 3655 1293 3738 temporum

183 3800 348 3868 rationes.
402 3800 530 3867 Verum
560 3796 649 3865 enim
678 3815 772 3875 vero,
801 3813 878 3863 cum
898 3787 1023 3869 omnia,
1052 3807 1141 3876 quae
1160 3787 1201 3853 de
1227 3784 1295 3853 hac
1351 3829 1353 3835 ,

386 3968 488 3975 ...m

285 4050 312 4112 l)
347 4049 536 4102 Mommsen
562 4064 588 4116 p.
614 4045 666 4098 299
688 4062 729 4114 sq.
770 4043 813 4097 No
835 4039 963 4093 Olason
981 4039 1107 4109 quidem,
1130 4053 1297 4106 quanquam

183 4153 210 4206 p.
236 4135 270 4188 23
296 4151 337 4203 sq.
365 4153 467 4188 omnes
493 4135 573 4188 locos
601 4135 796 4200 congruentes
823 4124 977 4193 adscribit,
1006 4143 1041 4178 aa
1068 4141 1125 4193 qua
1152 4139 1224 4192 opus
1253 4128 1298 4174 est

185 4220 337 4290 diligentia
355 4220 385 4272 in
404 4237 577 4274 consensum
595 4216 720 4288 inquirit.
