2982 4794
122 342 163 414 Ο.
194 343 252 426 13,
279 360 372 418 ο-ιε,
600 405 602 414 .
1169 331 1242 401 155

119 550 298 646 προσιόντα
322 549 376 618 τδν
402 542 532 618 Κέλσον
559 544 717 633 κατεῖδον,
755 541 853 620 εὐθὺς
881 541 1072 642 βοήσαντες·
1086 541 1245 637 ώρμησαν

120 681 171 756 ἐπ)
202 686 310 757 αὐτόν.
364 681 393 757 οἱ
419 684 457 757 δὲ
484 685 718 781 ἑκατοντάρχαι
736 684 942 781 προέστησαν
966 681 1176 777 ἀνείργοντες·
1194 677 1247 746 καὶ

119 831 188 894 τῶν
214 822 325 894 ἀλλων
351 822 504 918 λοχαγῶν
528 819 701 919 φείδεσθαι
720 819 873 916 βοώντων
892 823 921 890 οἱ
939 819 1015 915 περὶ
1031 817 1086 888 τὸν
1105 811 1246 886 Κεκίναν

118 960 303 1054 πυθόμενοι
329 962 382 1032 καί
400 961 666 1058 προσελάσαντες
683 959 743 1056 την
762 959 919 1051 ἀκοσμίαν
937 955 1021 1052 ταχὺ
1047 956 1113 1025 τῶν
1137 955 1247 1024 ἵππων
1338 1047 1340 1052 ,

119 1097 281 1186 ἔπαυσαν,
310 1098 363 1169 τὸν
391 1095 427 1168 δὲ
453 1094 584 1169 Κέλσον
612 1099 839 1192 ἀσπασάμενοι
865 1095 1072 1192 φιλοφρόνως
1098 1091 1247 1191 ἐβάδιζον

119 1233 188 1330 μετ’
212 1237 320 1308 αὐτῶν
339 1237 384 1314 εἰς
401 1237 437 1306 τδ
456 1229 649 1333 Βητριακόν.
684 1236 727 1312 ,ἐν
746 1234 783 1306 δὲ
799 1235 906 1331 τούτῳ
930 1234 1081 1326 μετάνοια
1107 1227 1248 1300 Τιτιανὸν

120 1373 222 1470 ἔσχεν
249 1374 458 1471 ἐκπέμψαντα
486 1373 561 1451 τοὺς
586 1371 751 1473 πρέσβεις,
778 1373 831 1442 καὶ
852 1379 916 1442 τῶν
942 1377 1148 1468 στρατιωτῶν
1174 1366 1249 1444 τοὺς

121 1512 389 1610 θρασυνομένους
403 1510 497 1588 αὖθις
516 1508 706 1611 ἀνεβίβαζεν
725 1509 779 1581 ἐπὶ
797 1510 837 1580 rol
855 1509 948 1606 τείχη
963 1509 1017 1578 καὶ
1033 1507 1109 1583 τοὺς
1129 1503 1250 1582 ἀλλους

127 1638 306 1748 παρεκάλει
328 1647 479 1748 βοηθεῖν.
531 1655 587 1721 τοῦ
607 1647 643 1720 δὲ
662 1645 784 1720 Κεκίνα
801 1647 1066 1746 προσελάσαντος
1090 1652 1139 1743 τῶ
1156 1645 1249 1740 ίππιρ

132 1789 183 1857 καὶ
206 1787 262 1884 την
290 1786 396 1866 δεξιὰν
423 1789 592 1883 ὀρέγοντος
609 1757 725 1864 ὀὐδεὶς
752 1787 926 1882 ἀντέσχεν,·
948 1783 1015 1855 ἀλλ’
1047 1781 1076 1854 οἱ
1103 1781 1250 1876 μένάπδ

136 1932 204 1996 τῶν·
223 1933 338 2020 τειχῶν
372 1921 560 2022 ἠσπάζοντο
594 1925 671 2001 τοὺς
703 1925 913 2020 στρατιώτας,
946 1920 975 1992 oi
1002 1921 1038 1991 δὲ
1064 1921 1121 1997 τὰς
1147 1920 1252 1996 πύλας

131 2057 311 2141 ἀνοίξαντες
329 2057 468 2159 ἐξῄεσαν
493 2061 545 2131 καὶ
564 2061 770 2156 ἀνεμίγνυντο
788 2066 856 2137 τοῖς
872 2061 1097 2157 προσήκουσιν.
1149 2057 1252 2153 ἠδίκει
1374 2125 1377 2132 ,

129 2199 167 2270 δὲ
185 2198 301 2284 οὐδείς,
322 2199 476 2270 ἀλλὰκαὶ
495 2198 729 2295 φιλοφροσύναι
751 2199 802 2268 καί
821 2197 986 2278 δεξιώσεις
1002 2197 1098 2292 ἦσαν,
1119 2191 1252 2293 ᾤμυσαν

126 2335 164 2408 δὲ
190 2337 309 2414 πάντες
335 2336 410 2433 περὶ
436 2340 493 2406 τοῦ
513 2329 702 2408 Οὐιτελλίου
721 2336 774 2405 καὶ
791 2336 1065 2432 προσεχώρησαν.
1106 2334 1252 2405 Tacitus

126 2467 343 2546 deditionem
360 2474 569 2546 brevissime
587 2473 729 2564 peragit
755 2475 790 2542 h.
821 2475 853 2557 2,
882 2477 929 2544 45
956 2471 1142 2572 Vitellianos
1159 2491 1253 2542 ocor·
1289 2483 1293 2490 '

124 2616 214 2685 citns
234 2611 281 2682 ool
305 2613 453 2706 qninlnnr
480 2609 676 2682 cBodriooo
691 2609 842 2704 tepidam
869 2611 1037 2682 consedit.
1060 2664 1068 2680 .
1090 2666 1097 2680 .
1123 2613 1254 2703 postero

120 2750 178 2822 dio
215 2747 306 2818 nond
345 2746 497 2851 onobiqno
535 2746 711 2818 Othoniani
748 2751 909 2819 ooorcitns
942 2749 1103 2819 oolooortolo
1136 2751 1167 2818 ot
1199 2752 1256 2842 qni

115 2891 302 2992 ferociores
339 2888 475 2983 fecerant
520 2887 565 2956 od
597 2857 847 2982 poenitentium*
876 2881 1128 2957 triclinontilns'
1155 2890 1255 2955 misso

129 3027 276 3122 logoli05
302 3045 361 3094 noc
386 3023 477 3117 opnol
501 3022 812 3096 ducor-Vitellianos
839 3021 1030 3115 drobitotnnr,
1058 3045 1121 3118 ριιο
1146 3029 1255 3094 minos

120 3183 240 3258 paoem
266 3159 485 3232 concederent.
523 3143 629 3257 logoli
650 3160 822 3256 nonlispor
838 3164 976 3232 retenti:
1003 3183 1043 3232 oo
1068 3183 1120 3232 eos
1147 3159 1254 3231 locri-

80 3307 85 3318 ‘
124 3303 281 3373 lotionem
333 3299 445 3370 otlnlit
490 3303 622 3393 ignens
662 3297 767 3370 odino
811 3321 855 3368 on
899 3301 1136 3391 impetrassent„
1181 3318 1256 3368 onoc

122 3442 265 3510 remisso
307 3437 470 3534 legotiono
506 3438 616 3528 potnit
656 3436 789 3508 collon.
844 3436 1011 3527 Sequitur
1050 3436 1254 3507 luculentis·
1367 3452 1371 3458 ·

124 3578 220 3647 sima
260 3579 404 3646 mutuae
440 3573 743 3645 reconciliationis
783 3574 984 3664 descriptio.
1017 3613 1064 3626 -
1108 3575 1254 3672 Tacitus

124 3713 198 3785 etsi
226 3713 335 3784 multo
362 3711 506 3785 brevior
541 3715 605 3802 est,
642 3715 761 3781 tamen
788 3711 877 3782 nihil
905 3711 1051 3794 omittit,
1088 3713 1180 3802 quod
1209 3714 1254 3783 ad
1328 3697 1336 3702 ⁸

2 3913 3 3918 ,
123 3870 247 3923 rerum
264 3868 435 3920 conexum
453 3847 733 3938 perspiciendum
749 3869 835 3938 opus
850 3849 906 3919 sit.
940 3848 1129 3921 Exercitus
1145 3849 1252 3920 Otho-

122 3989 186 4060 nis
201 3987 301 4058 clade
319 3985 455 4057 fractus
483 3979 572 4082 (ἐπεὶ
592 3984 627 4055 δὲ
646 3985 1085 4081 πειρώμενοι-δεομένους
1100 4027 1139 4056 =
1158 3987 1253 4058 haud

123 4125 300 4214 ambigua
341 4163 380 4174 -
421 4119 700 4221 inclinantibus)
738 4122 941 4194 Vitellianis
982 4124 1177 4195 victoribus
1217 4145 1253 4194 se

123 4261 293 4339 subiecit.
344 4261 462 4336 Duces
490 4260 630 4338 consilii
656 4267 819 4338 auctores
846 4261 958 4338 fuisse
983 4268 1254 4337 consentaneum
