2982 4794
252 289 324 358 112
1163 287 1203 360 O.
1234 293 1266 373 7,
1285 309 1368 364 r-s.

249 513 285 564 v.
315 493 412 564 l-a
428 489 552 563 ἔπειτα
574 493 628 563 καὶ
653 499 718 562 τῶν
744 490 854 562 ἄλλων
881 491 1015 568 ἕκαστος
1041 489 1177 588 ἐβοήθει
1204 499 1253 590 τῷ
1271 518 1368 591 σιρα-

249 635 343 726 capp
377 619 592 702 Plutarchus
631 628 761 700 transit
800 630 845 700 ad
880 630 1054 720 proelium
1090 629 1367 702 describendum.

251 765 385 838 Similis
411 768 512 840 locus
537 769 630 858 apud
650 767 821 838 'Tacitum
847 787 917 838 non
943 772 1077 850 exstat,
1105 768 1166 838 sed
1192 767 1269 839 iure
1296 768 1370 838 illis
1476 851 1478 866 κ

248 904 367 976 verbis
400 904 525 976 utitur.
559 905 588 973 oi
620 901 713 972 ἄλλοι
745 903 837 975 enim
868 903 978 975 ceteri
1010 906 1115 976 duces
1147 909 1243 988 suut,
1274 907 1370 977 Pan·

248 1040 342 1111 linus
369 1045 405 1111 et
431 1041 563 1124 Celsus
597 1041 639 1112 de
666 1041 803 1130 quibua.
819 1040 913 1112 infra
940 1041 1071 1130 agitur,
1100 1061 1186 1132 quos
1213 1062 1254 1114 eo
1281 1047 1370 1114 tem·

247 1198 332 1267 pore
365 1178 479 1248 Roma
511 1177 697 1249 advenisse
728 1182 764 1248 et
795 1177 916 1248 statim
941 1178 1154 1250 Bedriacum
1182 1199 1219 1250 se
1246 1184 1370 1251 contu-

246 1313 330 1385 lisse
355 1315 551 1404 putandum
577 1320 640 1398 est,
668 1313 730 1388 ubi
754 1315 890 1398 Callus
915 1320 954 1386 ut
980 1315 1100 1406 copias
1127 1315 1368 1406 coniungeret,

245 1456 551 1541 castraposuerat.
571 1453 697 1541 Itaque
711 1451 814 1523 licuit
826 1452 1020 1525 Plutarcho
1034 1455 1142 1525 verbo
1154 1449 1291 1551 βοηθεῖν
1301 1454 1368 1525 uti.

246 1588 446 1665 Tacitnsh.
469 1592 500 1672 2,
523 1590 580 1672 23,
604 1589 646 1659 ll
667 1589 840 1678 proelium
854 1595 1024 1662 memorat
1038 1590 1286 1680 gladiatorum,
1306 1590 1370 1681 qui

245 1724 441 1815 Spurinnae
456 1725 603 1814 imperio
617 1725 914 1798 subiecliMarcio
931 1727 1056 1798 Macro
1066 1729 1154 1799 duce
1165 1728 1211 1798 ad
1225 1729 1369 1800 Cremo-

241 1883 325 1934 nam
352 1881 431 1934 cum
454 1861 658 1933 Vitellianis
687 1882 852 1953 prospere
875 1870 1178 1952 pugnaverunte
1180 1869 1241 1936 tc
1263 1867 1321 1949 24,
1341 1868 1366 1936 1

241 1998 331 2073 dicit
315 2001 470 2070 tintcraa
490 1996 621 2070 Paulini
645 2002 676 2069 et
697 1998 781 2070 Calai
796 1998 893 2072 ducta
911 2021 964 2070 ras
980 1995 1116 2097 egregie
1130 2004 1350 2106 gasteala
1328 2024 1366 2074 a·

244 2157 311 2226 que
328 2156 371 2207 ne
398 2136 548 2208 Tacitus
560 2135 699 2226 quidem
713 2136 857 2211 Paulini
871 2143 907 2208 et
924 2137 1018 2210 Celsi
1033 2140 1223 2211 adventum
1237 2161 1365 2212 memo-

241 2279 309 2357 rat,
325 2273 386 2344 sed
400 2273 516 2345 subito
531 2294 590 2345 eos
603 2278 807 2364 praesentes
820 2274 966 2346 inducit.
987 2275 1065 2360 Qua
1078 2296 1116 2346 re
1129 2277 1364 2349 Plutarchum

242 2430 286 2482 ex
317 2411 393 2500 ipso
426 2410 552 2483 Tacito
585 2411 653 2482 hoc
683 2411 845 2484 hausisse
878 2416 975 2502 puto,
1007 2412 1076 2483 nisi
1108 2411 1200 2484 forte
1217 2414 1264 2484 -in
1291 2414 1364 2486 alio
1476 2435 1477 2448 ¹

242 2567 378 2639 quoqne
404 2547 501 2620 fonte
528 2549 673 2620 eandem
699 2549 910 2623 brevitatem
929 2553 966 2621 et
983 2548 1234 2622 obscuritatem
1252 2548 1363 2622 fuisse

240 2686 424 2776 opinamur
434 2679 474 2781 ¹).

239 2939 309 2977 nam
328 2918 451 2992 adgredi
464 2916 634 2985 audivisset,
652 2914 730 2986 quod
741 2914 798 2968 hoc
811 2913 949 2986 oppidum
962 2929 1081 2970 servare
1093 2930 1153 2969 non
1164 2913 1224 2968 iarn
1235 2919 1360 2986 poterat,

237 3005 375 3063 Bedriaci
392 3001 532 3060 constitit
567 3001 713 3056 Cremona
729 3016 800 3055 vero
819 3018 837 3054 a
855 2998 982 3054 Caecina
998 3005 1085 3072 capta
1103 3006 1156 3056 est.
1185 3000 1361 3055 Plutarchus

238 3093 365 3156 eundem
388 3087 546 3146 committit
567 3101 697 3140 errorem
724 3101 759 3138 ac
786 3084 872 3141 multi
893 3083 1074 3141 recentiores
1091 3086 1174 3141 volut
1195 3086 1362 3141 Mommsen

238 3179 351 3246 (Herm.
368 3176 403 3244 V,
422 3173 490 3242 163),
503 3178 533 3227 et
544 3170 662 3227 Gallum
674 3169 778 3226 dextra
789 3170 854 3244 ripa
866 3171 1029 3226 exercitum
1044 3171 1227 3227 Placentiam
1240 3171 1360 3227 duxisse

237 3261 403 3318 arbitratur.
433 3257 499 3326 Qua
515 3273 549 3313 re
561 3256 633 3312 dicit
645 3252 801 3334 μετήγαριν
816 3256 834 3312 i.
854 3273 878 3313 e.
894 3255 926 3311 in
937 3256 1055 3312 laevam
1065 3257 1168 3329 ripam,
1181 3257 1360 3313 hauddubie

236 3345 320 3402 falso.
359 3342 505 3415 Equidem
526 3361 563 3398 ex
584 3342 643 3397 hoc
665 3359 763 3398 errore
782 3360 849 3398 eum
866 3342 950 3399 fonte
967 3361 1054 3399 usum
1072 3361 1139 3400 ease
1157 3343 1359 3414 concluserim,

236 3430 287 3486 nbi
302 3430 378 3486 haec
395 3447 444 3485 res
453 3433 563 3502 ‘parum
580 3429 734 3502 perspicue
752 3434 872 3484 narrata
890 3434 978 3499 esset,
991 3430 1069 3500 quod
1082 3429 1161 3485 cadit
1172 3429 1204 3485 in
1216 3429 1359 3485 Tacitum.

235 3517 315 3573 Fieri
335 3521 443 3590 potest,
465 3522 499 3571 ut
520 3515 596 3571 alius
619 3520 722 3571 auctor
742 3514 827 3570 velut
846 3515 960 3572 Plinius
984 3516 1109 3572 eandem
1130 3515 1306 3572 brevitatem
1330 3521 1360 3571 et
1473 3515 1474 3518 ’

236 3603 445 3660 obscuritatem
463 3601 637 3672 adhibuerit,
655 3601 709 3657 sed
726 3617 822 3672 neque
841 3601 957 3656 ostendi
977 3601 1034 3656 hoc
1054 3607 1161 3674 potest,
1180 3618 1278 3673 neque
1295 3601 1360 3657 veri

235 3689 332 3746 simile
356 3694 409 3748 est
449 3687 622 3762 Cremonam
645 3692 710 3742 tum
732 3687 850 3743 demum
868 3705 886 3742 a
904 3687 1031 3764 Caecina
1049 3693 1165 3760 captam
1183 3705 1258 3757 esse,
1276 3692 1359 3742 recte
1471 3674 1472 3742 ἶ

233 3774 387 3850 perspexit
399 3773 574 3830 Plutarchus
586 3791 682 3846 neque
697 3773 803 3829 erroris
818 3779 864 3828 est
873 3755 1055 3847 accusandus
1068 3774 1245 3845 (Mommsen
1257 3773 1357 3828 Herm.

337 3948 363 4013 1)
397 3947 501 4019 Neque
520 3944 658 4001 credibile
670 3951 749 4017 puto
769 3944 847 4016 quod
858 3945 1018 4016 Krausep
1035 3945 1207 4018 leprosam
1236 3945 1357 4000 'Pacitus

235 4034 314 4089 enim
337 4050 404 4088 cum
426 4032 545 4088 Gallum
572 4031 667 4087 solum
690 4029 854 4102 Spurinnae
879 4029 988 4085 auxilio
1015 4032 1135 4094 venisse
1160 4031 1239 4088 dicat
1261 4047 1356 4101 neque
1472 4057 1473 4104 ,

233 4119 391 4174 Paulinum
403 4124 434 4174 et
445 4099 572 4188 Celsum,
585 4135 636 4189 qur
628 4116 735 4193 'paulo
747 4122 815 4189 post
823 4133 954 4188 pugnam
964 4116 1216 4196 administrabant,
1230 4133 1356 4172 comme·
1472 4109 1473 4115 '

232 4209 336 4275 moret,
345 4203 460 4260 Kranae
465 4203 556 4260 verbo
567 4204 684 4290 ἐβοήθει
694 4220 797 4280 presso
810 4202 865 4258 hos
877 4203 936 4258 iam
948 4209 1016 4274 tum,
1025 4202 1138 4259 Padum
1150 4209 1355 4271 transgressos
