<?xml version="1.0" encoding="UTF-8"?>
<!DOCTYPE html PUBLIC "-//W3C//DTD XHTML 1.0 Transitional//EN"
    "http://www.w3.org/TR/xhtml1/DTD/xhtml1-transitional.dtd">
<html xmlns="http://www.w3.org/1999/xhtml" xml:lang="en" lang="en">
 <head>
  <title>
</title>
<meta http-equiv="Content-Type" content="text/html;charset=utf-8" />
  <meta name='ocr-system' content='tesseract 3.04.00' />
  <meta name='ocr-capabilities' content='ocr_page ocr_carea ocr_par ocr_line ocrx_word'/>
</head>
<body>
  <div class='ocr_page' id='page_1' title='image "./deplutarchiinga00lezigoog_0009.png"; bbox 0 0 3018 4796; ppageno 0'>
   <div class='ocr_carea' id='block_1_1' title="bbox 137 275 157 344">
    <p class='ocr_par' dir='ltr' id='par_1_1' title="bbox 137 275 157 344">
     <span class='ocr_line' id='line_1_1' title="bbox 137 275 157 344; baseline 0 0"><span class='ocrx_word' id='word_1_1' title='bbox 137 275 157 344; x_wconf 76' lang='grc'>2</span> 
     </span>
    </p>
   </div>
   <div class='ocr_carea' id='block_1_2' title="bbox 135 469 1246 582">
    <p class='ocr_par' dir='ltr' id='par_1_2' title="bbox 135 421 1378 582">
     <span class='ocr_line' id='line_1_2' title="bbox 135 469 1246 582; baseline -0.009 -34"><span class='ocrx_word' id='word_1_2' title='bbox 135 478 302 548; x_wconf 87' lang='lat' dir='ltr'>iudicium</span> <span class='ocrx_word' id='word_1_3' title='bbox 328 479 371 582; x_wconf 71' lang='lat' dir='ltr'>cle</span> <span class='ocrx_word' id='word_1_4' title='bbox 406 497 447 548; x_wconf 91' lang='lat' dir='ltr'>ea</span> <span class='ocrx_word' id='word_1_5' title='bbox 474 475 631 546; x_wconf 82' lang='lat' dir='ltr'><strong>fecerint.</strong></span> <span class='ocrx_word' id='word_1_6' title='bbox 686 469 753 544; x_wconf 83' lang='lat' dir='ltr'>Sed</span> <span class='ocrx_word' id='word_1_7' title='bbox 774 471 861 542; x_wconf 76' lang='lat' dir='ltr'>vdum</span> <span class='ocrx_word' id='word_1_8' title='bbox 889 473 952 542; x_wconf 94' lang='lat' dir='ltr'>sub</span> <span class='ocrx_word' id='word_1_9' title='bbox 980 471 1094 542; x_wconf 83' lang='lat' dir='ltr'>iudice</span> <span class='ocrx_word' id='word_1_10' title='bbox 1121 471 1166 543; x_wconf 89' lang='lat' dir='ltr'>lis</span> <span class='ocrx_word' id='word_1_11' title='bbox 1193 477 1246 544; x_wconf 88' lang='lat' dir='ltr'>est</span> 
     </span>
    </p>
   </div>
   <div class='ocr_carea' id='block_1_3' title="bbox 136 599 1440 704">
    <p class='ocr_par' dir='ltr' id='par_1_3' title="bbox 136 599 1440 704">
     <span class='ocr_line' id='line_1_3' title="bbox 136 599 1440 704; baseline -0.005 -18"><span class='ocrx_word' id='word_1_12' title='bbox 136 621 171 686; x_wconf 89' lang='lat' dir='ltr'>et</span> <span class='ocrx_word' id='word_1_13' title='bbox 197 615 390 685; x_wconf 87' lang='lat' dir='ltr'>sententiae</span> <span class='ocrx_word' id='word_1_14' title='bbox 416 614 576 704; x_wconf 88' lang='lat' dir='ltr'>prolatae</span> <span class='ocrx_word' id='word_1_15' title='bbox 602 599 828 684; x_wconf 82' lang='lat' dir='ltr'>vehementer</span> <span class='ocrx_word' id='word_1_16' title='bbox 858 608 950 678; x_wconf 92' lang='lat' dir='ltr'>inter</span> <span class='ocrx_word' id='word_1_17' title='bbox 976 630 1012 680; x_wconf 92' lang='lat' dir='ltr'>se</span> <span class='ocrx_word' id='word_1_18' title='bbox 1038 614 1245 698; x_wconf 81' lang='lat' dir='ltr'>repugnant,</span> <span class='ocrx_word' id='word_1_19' title='bbox 1349 605 1353 610; x_wconf 81' lang='grc'><strong>’</strong></span> <span class='ocrx_word' id='word_1_20' title='bbox 1436 633 1440 644; x_wconf 94' lang='grc'><em>·</em></span> 
     </span>
    </p>
   </div>
   <div class='ocr_carea' id='block_1_4' title="bbox 134 745 1281 1935">
    <p class='ocr_par' dir='ltr' id='par_1_4' title="bbox 134 745 1281 1666">
     <span class='ocr_line' id='line_1_4' title="bbox 135 745 1254 840; baseline -0.007 -17"><span class='ocrx_word' id='word_1_21' title='bbox 135 753 256 823; x_wconf 81' lang='lat' dir='ltr'>licebit</span> <span class='ocrx_word' id='word_1_22' title='bbox 282 773 355 822; x_wconf 93' lang='lat' dir='ltr'>rem</span> <span class='ocrx_word' id='word_1_23' title='bbox 383 749 629 840; x_wconf 81' lang='lat' dir='ltr'>grauissimam</span> <span class='ocrx_word' id='word_1_24' title='bbox 656 747 784 818; x_wconf 88' lang='lat' dir='ltr'>iterum</span> <span class='ocrx_word' id='word_1_25' title='bbox 812 751 916 835; x_wconf 88' lang='lat' dir='ltr'>atque</span> <span class='ocrx_word' id='word_1_26' title='bbox 942 745 1254 835; x_wconf 68' lang='lat' dir='ltr'>iterumperscn1·,</span> 
     </span>
     <span class='ocr_line' id='line_1_5' title="bbox 136 883 1281 982; baseline -0.01 -20"><span class='ocrx_word' id='word_1_27' title='bbox 136 891 218 974; x_wconf 85' lang='lat' dir='ltr'>tari,</span> <span class='ocrx_word' id='word_1_28' title='bbox 245 896 286 961; x_wconf 89' lang='lat' dir='ltr'>ut</span> <span class='ocrx_word' id='word_1_29' title='bbox 311 891 451 960; x_wconf 84' lang='lat' dir='ltr'>tandem</span> <span class='ocrx_word' id='word_1_30' title='bbox 478 886 613 982; x_wconf 88' lang='lat' dir='ltr'>aliquid</span> <span class='ocrx_word' id='word_1_31' title='bbox 641 884 831 966; x_wconf 79' lang='lat' dir='ltr'>efficiatur,</span> <span class='ocrx_word' id='word_1_32' title='bbox 859 884 951 972; x_wconf 90' lang='lat' dir='ltr'>quod</span> <span class='ocrx_word' id='word_1_33' title='bbox 976 883 1149 972; x_wconf 75' lang='lat' dir='ltr'>recipiant</span> <span class='ocrx_word' id='word_1_34' title='bbox 1176 903 1244 953; x_wconf 94' lang='lat' dir='ltr'>om·</span> <span class='ocrx_word' id='word_1_35' title='bbox 1279 909 1281 911; x_wconf 93' lang='lat'>·</span> 
     </span>
     <span class='ocr_line' id='line_1_6' title="bbox 134 1019 1243 1117; baseline -0.01 -18"><span class='ocrx_word' id='word_1_36' title='bbox 134 1049 207 1111; x_wconf 86' lang='lat' dir='ltr'>nes,</span> <span class='ocrx_word' id='word_1_37' title='bbox 228 1047 374 1117; x_wconf 89' lang='lat' dir='ltr'>quorum</span> <span class='ocrx_word' id='word_1_38' title='bbox 402 1024 568 1095; x_wconf 89' lang='lat' dir='ltr'>iudicium</span> <span class='ocrx_word' id='word_1_39' title='bbox 596 1020 731 1112; x_wconf 85' lang='lat' dir='ltr'>aliquid</span> <span class='ocrx_word' id='word_1_40' title='bbox 756 1021 863 1093; x_wconf 82' lang='lat' dir='ltr'>ualet.</span> <span class='ocrx_word' id='word_1_41' title='bbox 909 1019 1139 1090; x_wconf 70' lang='lat' dir='ltr'>resonasse</span> <span class='ocrx_word' id='word_1_42' title='bbox 1166 1039 1243 1090; x_wconf 89' lang='lat' dir='ltr'>con·</span> 
     </span>
     <span class='ocr_line' id='line_1_7' title="bbox 134 1118 1247 1255; baseline -0.011 -19"><span class='ocrx_word' id='word_1_43' title='bbox 134 1166 249 1255; x_wconf 79' lang='lat' dir='ltr'>tinget</span> <span class='ocrx_word' id='word_1_44' title='bbox 275 1163 375 1246; x_wconf 86' lang='lat' dir='ltr'>mihi,</span> <span class='ocrx_word' id='word_1_45' title='bbox 389 1166 443 1232; x_wconf 85' lang='lat' dir='ltr'>ut</span> <span class='ocrx_word' id='word_1_46' title='bbox 469 1181 582 1250; x_wconf 90' lang='lat' dir='ltr'>pauca</span> <span class='ocrx_word' id='word_1_47' title='bbox 608 1158 762 1230; x_wconf 79' lang='lat' dir='ltr'>tribuam</span> <span class='ocrx_word' id='word_1_48' title='bbox 790 1159 835 1228; x_wconf 87' lang='lat' dir='ltr'>ad</span> <span class='ocrx_word' id='word_1_49' title='bbox 861 1177 966 1227; x_wconf 90' lang='lat' dir='ltr'>unam</span> <span class='ocrx_word' id='word_1_50' title='bbox 993 1118 1042 1226; x_wconf 27' lang='lat' dir='ltr'>&#39;ex&#39;</span> <span class='ocrx_word' id='word_1_51' title='bbox 1063 1154 1247 1226; x_wconf 77' lang='lat' dir='ltr'>sententiis</span> 
     </span>
     <span class='ocr_line' id='line_1_8' title="bbox 134 1294 1245 1389; baseline -0.012 -16"><span class='ocrx_word' id='word_1_52' title='bbox 134 1302 356 1384; x_wconf 82' lang='lat' dir='ltr'>firmandam,</span> <span class='ocrx_word' id='word_1_53' title='bbox 384 1317 583 1389; x_wconf 84' lang='lat' dir='ltr'>quanquam</span> <span class='ocrx_word' id='word_1_54' title='bbox 610 1295 784 1366; x_wconf 88' lang='lat' dir='ltr'>sententia</span> <span class='ocrx_word' id='word_1_55' title='bbox 810 1294 887 1384; x_wconf 89' lang='lat' dir='ltr'>ipsa</span> <span class='ocrx_word' id='word_1_56' title='bbox 914 1294 985 1364; x_wconf 91' lang='lat' dir='ltr'>iam</span> <span class='ocrx_word' id='word_1_57' title='bbox 1012 1294 1141 1363; x_wconf 88' lang='lat' dir='ltr'>dudum</span> <span class='ocrx_word' id='word_1_58' title='bbox 1166 1311 1245 1380; x_wconf 85' lang='lat' dir='ltr'>pro·</span> 
     </span>
     <span class='ocr_line' id='line_1_9' title="bbox 135 1427 1243 1526; baseline -0.011 -18"><span class='ocrx_word' id='word_1_59' title='bbox 135 1440 210 1510; x_wconf 90' lang='lat' dir='ltr'>lata</span> <span class='ocrx_word' id='word_1_60' title='bbox 238 1444 291 1509; x_wconf 86' lang='lat' dir='ltr'>est</span> <span class='ocrx_word' id='word_1_61' title='bbox 316 1456 426 1526; x_wconf 91' lang='lat' dir='ltr'>neque</span> <span class='ocrx_word' id='word_1_62' title='bbox 454 1433 756 1524; x_wconf 81' lang='lat' dir='ltr'>disputatiuncula</span> <span class='ocrx_word' id='word_1_63' title='bbox 782 1453 859 1504; x_wconf 88' lang='lat' dir='ltr'>mea</span> <span class='ocrx_word' id='word_1_64' title='bbox 887 1432 1073 1522; x_wconf 88' lang='lat' dir='ltr'>quicquam</span> <span class='ocrx_word' id='word_1_65' title='bbox 1099 1427 1243 1505; x_wconf 82' lang='lat' dir='ltr'>eruitur.</span> 
     </span>
     <span class='ocr_line' id='line_1_10' title="bbox 137 1570 713 1666; baseline -0.012 -19"><span class='ocrx_word' id='word_1_66' title='bbox 137 1579 228 1666; x_wconf 92' lang='lat' dir='ltr'>quod</span> <span class='ocrx_word' id='word_1_67' title='bbox 255 1573 424 1647; x_wconf 89' lang='lat' dir='ltr'>novitatis</span> <span class='ocrx_word' id='word_1_68' title='bbox 450 1571 565 1660; x_wconf 81' lang='lat' dir='ltr'>gloria</span> <span class='ocrx_word' id='word_1_69' title='bbox 591 1570 713 1641; x_wconf 87' lang='lat' dir='ltr'>niteat.</span> 
     </span>
    </p>

    <p class='ocr_par' dir='ltr' id='par_1_5' title="bbox 136 1699 1249 1935">
     <span class='ocr_line' id='line_1_11' title="bbox 239 1699 1249 1798; baseline -0.023 -15"><span class='ocrx_word' id='word_1_70' title='bbox 239 1713 307 1783; x_wconf 87' lang='lat' dir='ltr'>Sed</span> <span class='ocrx_word' id='word_1_71' title='bbox 333 1714 519 1798; x_wconf 88' lang='lat' dir='ltr'>antequam</span> <span class='ocrx_word' id='word_1_72' title='bbox 545 1729 618 1778; x_wconf 89' lang='lat' dir='ltr'>rem</span> <span class='ocrx_word' id='word_1_73' title='bbox 645 1704 844 1795; x_wconf 80' lang='lat' dir='ltr'>adgredior,</span> <span class='ocrx_word' id='word_1_74' title='bbox 864 1721 953 1790; x_wconf 91' lang='lat' dir='ltr'>quae</span> <span class='ocrx_word' id='word_1_75' title='bbox 980 1699 1095 1768; x_wconf 85' lang='lat' dir='ltr'>adhuc</span> <span class='ocrx_word' id='word_1_76' title='bbox 1121 1714 1249 1782; x_wconf 89' lang='lat' dir='ltr'>propo-</span> 
     </span>
     <span class='ocr_line' id='line_1_12' title="bbox 136 1837 1246 1935; baseline -0.023 -15"><span class='ocrx_word' id='word_1_77' title='bbox 136 1849 205 1920; x_wconf 91' lang='lat' dir='ltr'>sita</span> <span class='ocrx_word' id='word_1_78' title='bbox 239 1853 320 1922; x_wconf 92' lang='lat' dir='ltr'>sunt</span> <span class='ocrx_word' id='word_1_79' title='bbox 350 1845 474 1935; x_wconf 90' lang='lat' dir='ltr'>paucis</span> <span class='ocrx_word' id='word_1_80' title='bbox 509 1845 730 1934; x_wconf 85' lang='lat' dir='ltr'>complectar.</span> <span class='ocrx_word' id='word_1_81' title='bbox 792 1837 932 1910; x_wconf 85' lang='lat' dir='ltr'>Primus</span> <span class='ocrx_word' id='word_1_82' title='bbox 959 1839 1076 1902; x_wconf 90' lang='lat' dir='ltr'>autem</span> <span class='ocrx_word' id='word_1_83' title='bbox 1104 1847 1246 1906; x_wconf 91' lang='lat' dir='ltr'>causam</span> 
     </span>
    </p>
   </div>
   <div class='ocr_carea' id='block_1_5' title="bbox 136 1953 1387 2076">
    <p class='ocr_par' dir='ltr' id='par_1_6' title="bbox 136 1953 1387 2076">
     <span class='ocr_line' id='line_1_13' title="bbox 136 1953 1387 2076; baseline -0.03 -16"><span class='ocrx_word' id='word_1_84' title='bbox 136 1986 256 2076; x_wconf 80' lang='lat' dir='ltr'>attigit</span> <span class='ocrx_word' id='word_1_85' title='bbox 289 1985 459 2054; x_wconf 88' lang='lat' dir='ltr'>Heeren</span> <span class='ocrx_word' id='word_1_86' title='bbox 478 1977 517 2074; x_wconf 80' lang='lat'>¹),</span> <span class='ocrx_word' id='word_1_87' title='bbox 546 1953 621 2066; x_wconf 81' lang='lat' dir='ltr'>qui,</span> <span class='ocrx_word' id='word_1_88' title='bbox 650 1975 789 2042; x_wconf 83' lang='lat' dir='ltr'>etiamsi</span> <span class='ocrx_word' id='word_1_89' title='bbox 820 1991 935 2062; x_wconf 90' lang='lat' dir='ltr'>pauca</span> <span class='ocrx_word' id='word_1_90' title='bbox 966 1964 1198 2040; x_wconf 83' lang='lat' dir='ltr'>Plutarchum</span> <span class='ocrx_word' id='word_1_91' title='bbox 1223 1981 1244 2031; x_wconf 91' lang='lat' dir='ltr'>a</span> <span class='ocrx_word' id='word_1_92' title='bbox 1269 2006 1270 2010; x_wconf 17' lang='grc' dir='ltr'>η</span> <span class='ocrx_word' id='word_1_93' title='bbox 1326 2053 1329 2060; x_wconf 16' lang='grc' dir='ltr'>ι</span> <span class='ocrx_word' id='word_1_94' title='bbox 1385 1981 1387 1986; x_wconf 95' lang='grc'><strong><em>·</em></strong></span> 
     </span>
    </p>
   </div>
   <div class='ocr_carea' id='block_1_6' title="bbox 135 2107 1247 2349">
    <p class='ocr_par' dir='ltr' id='par_1_7' title="bbox 135 2107 1247 2349">
     <span class='ocr_line' id='line_1_14' title="bbox 136 2107 1243 2208; baseline -0.029 -14"><span class='ocrx_word' id='word_1_95' title='bbox 136 2124 259 2194; x_wconf 84' lang='lat' dir='ltr'>Tacito</span> <span class='ocrx_word' id='word_1_96' title='bbox 287 2117 474 2208; x_wconf 88' lang='lat' dir='ltr'>sumpsisse</span> <span class='ocrx_word' id='word_1_97' title='bbox 501 2109 661 2184; x_wconf 84' lang='lat' dir='ltr'>concedit</span> <span class='ocrx_word' id='word_1_98' title='bbox 677 2148 728 2159; x_wconf 89' lang='lat'><em>-</em></span> <span class='ocrx_word' id='word_1_99' title='bbox 746 2107 782 2176; x_wconf 85' lang='lat' dir='ltr'>id</span> <span class='ocrx_word' id='word_1_100' title='bbox 800 2107 893 2196; x_wconf 86' lang='lat' dir='ltr'>quod</span> <span class='ocrx_word' id='word_1_101' title='bbox 914 2111 1057 2190; x_wconf 84' lang='lat' dir='ltr'>proptor</span> <span class='ocrx_word' id='word_1_102' title='bbox 1076 2117 1243 2174; x_wconf 80' lang='lat' dir='ltr'>summam</span> 
     </span>
     <span class='ocr_line' id='line_1_15' title="bbox 135 2238 1247 2349; baseline -0.029 -17"><span class='ocrx_word' id='word_1_103' title='bbox 135 2261 345 2349; x_wconf 88' lang='lat' dir='ltr'>scriptorum</span> <span class='ocrx_word' id='word_1_104' title='bbox 381 2269 586 2324; x_wconf 87' lang='lat' dir='ltr'>consensum</span> <span class='ocrx_word' id='word_1_105' title='bbox 619 2243 743 2331; x_wconf 82' lang='lat' dir='ltr'>negari</span> <span class='ocrx_word' id='word_1_106' title='bbox 777 2261 847 2310; x_wconf 92' lang='lat' dir='ltr'>non</span> <span class='ocrx_word' id='word_1_107' title='bbox 880 2238 997 2328; x_wconf 89' lang='lat' dir='ltr'>potuit</span> <span class='ocrx_word' id='word_1_108' title='bbox 1030 2276 1095 2317; x_wconf 91' lang='lat'>--‚</span> <span class='ocrx_word' id='word_1_109' title='bbox 1126 2241 1247 2302; x_wconf 81' lang='lat' dir='ltr'>&#39;tamen</span> 
     </span>
    </p>
   </div>
   <div class='ocr_carea' id='block_1_7' title="bbox 40 2369 1295 3158">
    <p class='ocr_par' dir='ltr' id='par_1_8' title="bbox 40 2369 1295 3158">
     <span class='ocr_line' id='line_1_16' title="bbox 137 2369 1258 2485; baseline -0.032 -15"><span class='ocrx_word' id='word_1_110' title='bbox 137 2399 236 2470; x_wconf 91' lang='lat' dir='ltr'>illum</span> <span class='ocrx_word' id='word_1_111' title='bbox 266 2395 434 2485; x_wconf 88' lang='lat' dir='ltr'>pleraque</span> <span class='ocrx_word' id='word_1_112' title='bbox 467 2387 581 2476; x_wconf 90' lang='lat' dir='ltr'>ipsum</span> <span class='ocrx_word' id='word_1_113' title='bbox 615 2376 812 2470; x_wconf 89' lang='lat' dir='ltr'>quaerendo</span> <span class='ocrx_word' id='word_1_114' title='bbox 840 2371 1034 2456; x_wconf 80' lang='lat' dir='ltr'>conlegisse</span> <span class='ocrx_word' id='word_1_115' title='bbox 1061 2369 1258 2458; x_wconf 63' lang='lat' dir='ltr'>contendit,</span> 
     </span>
     <span class='ocr_line' id='line_1_17' title="bbox 40 2494 1295 2612; baseline -0.037 0"><span class='ocrx_word' id='word_1_116' title='bbox 40 2545 44 2556; x_wconf 81' lang='lat'><em>&#39;</em></span> <span class='ocrx_word' id='word_1_117' title='bbox 141 2532 308 2607; x_wconf 83' lang='lat' dir='ltr'>Haerenii</span> <span class='ocrx_word' id='word_1_118' title='bbox 354 2531 471 2600; x_wconf 91' lang='lat' dir='ltr'>aetate</span> <span class='ocrx_word' id='word_1_119' title='bbox 531 2539 621 2612; x_wconf 90' lang='lat' dir='ltr'>quae</span> <span class='ocrx_word' id='word_1_120' title='bbox 667 2517 791 2604; x_wconf 90' lang='lat' dir='ltr'>coepta</span> <span class='ocrx_word' id='word_1_121' title='bbox 832 2512 886 2578; x_wconf 89' lang='lat' dir='ltr'>est</span> <span class='ocrx_word' id='word_1_122' title='bbox 920 2501 1069 2576; x_wconf 85' lang='lat' dir='ltr'>tractari</span> <span class='ocrx_word' id='word_1_123' title='bbox 1103 2498 1254 2569; x_wconf 87' lang='lat' dir='ltr'>fontium</span> <span class='ocrx_word' id='word_1_124' title='bbox 1292 2494 1295 2502; x_wconf 87' lang='lat'>&#39;</span> 
     </span>
     <span class='ocr_line' id='line_1_18' title="bbox 140 2633 1251 2755; baseline -0.044 -9"><span class='ocrx_word' id='word_1_125' title='bbox 140 2672 251 2755; x_wconf 89' lang='lat' dir='ltr'>ratio,</span> <span class='ocrx_word' id='word_1_126' title='bbox 282 2671 371 2740; x_wconf 90' lang='lat' dir='ltr'>haec</span> <span class='ocrx_word' id='word_1_127' title='bbox 403 2660 554 2754; x_wconf 90' lang='lat' dir='ltr'>posteris</span> <span class='ocrx_word' id='word_1_128' title='bbox 594 2658 731 2726; x_wconf 84' lang='lat' dir='ltr'>demum</span> <span class='ocrx_word' id='word_1_129' title='bbox 771 2643 987 2736; x_wconf 86' lang='lat' dir='ltr'>temporibus</span> <span class='ocrx_word' id='word_1_130' title='bbox 1028 2633 1169 2706; x_wconf 83' lang='lat' dir='ltr'>exculta</span> <span class='ocrx_word' id='word_1_131' title='bbox 1201 2635 1251 2700; x_wconf 91' lang='lat' dir='ltr'>est</span> 
     </span>
     <span class='ocr_line' id='line_1_19' title="bbox 141 2769 1281 2899; baseline -0.044 -16"><span class='ocrx_word' id='word_1_132' title='bbox 141 2809 337 2899; x_wconf 89' lang='lat' dir='ltr'>disciplina.</span> <span class='ocrx_word' id='word_1_133' title='bbox 395 2801 522 2873; x_wconf 91' lang='lat' dir='ltr'>Omnes</span> <span class='ocrx_word' id='word_1_134' title='bbox 557 2792 667 2884; x_wconf 82' lang='lat' dir='ltr'>igitur</span> <span class='ocrx_word' id='word_1_135' title='bbox 698 2783 831 2878; x_wconf 87' lang='lat' dir='ltr'>posteri</span> <span class='ocrx_word' id='word_1_136' title='bbox 858 2799 929 2850; x_wconf 89' lang='lat' dir='ltr'>una</span> <span class='ocrx_word' id='word_1_137' title='bbox 956 2780 990 2846; x_wconf 86' lang='lat' dir='ltr'>et</span> <span class='ocrx_word' id='word_1_138' title='bbox 1017 2769 1251 2844; x_wconf 87' lang='lat' dir='ltr'>consentiente</span> <span class='ocrx_word' id='word_1_139' title='bbox 1279 2854 1281 2858; x_wconf 13' lang='grc' dir='ltr'><strong><em>ι</em></strong></span> 
     </span>
     <span class='ocr_line' id='line_1_20' title="bbox 141 2906 1253 3022; baseline -0.045 -1"><span class='ocrx_word' id='word_1_140' title='bbox 141 2967 228 3022; x_wconf 83' lang='lat' dir='ltr'>voce</span> <span class='ocrx_word' id='word_1_141' title='bbox 262 2938 526 3015; x_wconf 89' lang='lat' dir='ltr'>similitudinem</span> <span class='ocrx_word' id='word_1_142' title='bbox 562 2931 661 3001; x_wconf 90' lang='lat' dir='ltr'>illam</span> <span class='ocrx_word' id='word_1_143' title='bbox 693 2926 829 3021; x_wconf 81' lang='lat' dir='ltr'>tantam</span> <span class='ocrx_word' id='word_1_144' title='bbox 865 2935 940 2986; x_wconf 87' lang='lat' dir='ltr'>esse</span> <span class='ocrx_word' id='word_1_145' title='bbox 975 2906 1125 3001; x_wconf 82' lang='lat' dir='ltr'>professi</span> <span class='ocrx_word' id='word_1_146' title='bbox 1161 2909 1253 2984; x_wconf 84' lang='lat' dir='ltr'>sunt,</span> 
     </span>
     <span class='ocr_line' id='line_1_21' title="bbox 141 3042 1256 3158; baseline -0.048 0"><span class='ocrx_word' id='word_1_147' title='bbox 141 3091 181 3158; x_wconf 92' lang='lat' dir='ltr'>ut</span> <span class='ocrx_word' id='word_1_148' title='bbox 219 3102 276 3153; x_wconf 91' lang='lat' dir='ltr'>res</span> <span class='ocrx_word' id='word_1_149' title='bbox 316 3074 418 3150; x_wconf 86' lang='lat' dir='ltr'>brevi</span> <span class='ocrx_word' id='word_1_150' title='bbox 461 3089 567 3142; x_wconf 92' lang='lat' dir='ltr'>manu</span> <span class='ocrx_word' id='word_1_151' title='bbox 610 3085 680 3136; x_wconf 91' lang='lat' dir='ltr'>non</span> <span class='ocrx_word' id='word_1_152' title='bbox 723 3057 835 3149; x_wconf 91' lang='lat' dir='ltr'>possit</span> <span class='ocrx_word' id='word_1_153' title='bbox 877 3049 1030 3130; x_wconf 90' lang='lat' dir='ltr'>absolvi,</span> <span class='ocrx_word' id='word_1_154' title='bbox 1065 3042 1256 3146; x_wconf 79' lang='lat' dir='ltr'>scriptores</span> 
     </span>
    </p>
   </div>
   <div class='ocr_carea' id='block_1_8' title="bbox 142 3199 1255 3452">
    <p class='ocr_par' dir='ltr' id='par_1_9' title="bbox 142 3199 1255 3452">
     <span class='ocr_line' id='line_1_22' title="bbox 142 3199 861 3295; baseline -0.046 0"><span class='ocrx_word' id='word_1_155' title='bbox 142 3227 259 3295; x_wconf 86' lang='lat' dir='ltr'>autem</span> <span class='ocrx_word' id='word_1_156' title='bbox 287 3217 361 3287; x_wconf 91' lang='lat' dir='ltr'>sine</span> <span class='ocrx_word' id='word_1_157' title='bbox 389 3209 494 3282; x_wconf 88' lang='lat' dir='ltr'>dubio</span> <span class='ocrx_word' id='word_1_158' title='bbox 522 3205 635 3277; x_wconf 91' lang='lat' dir='ltr'>artius</span> <span class='ocrx_word' id='word_1_159' title='bbox 663 3199 861 3270; x_wconf 87' lang='lat' dir='ltr'>cohaerere.</span> 
     </span>
     <span class='ocr_line' id='line_1_23' title="bbox 247 3315 1255 3452; baseline -0.052 -25"><span class='ocrx_word' id='word_1_160' title='bbox 247 3357 363 3444; x_wconf 83' lang='lat' dir='ltr'>Atque</span> <span class='ocrx_word' id='word_1_161' title='bbox 401 3343 567 3452; x_wconf 82' lang='lat' dir='ltr'>Hirzcl</span> <span class='ocrx_word' id='word_1_162' title='bbox 582 3335 614 3438; x_wconf 80' lang='lat'>²)</span> <span class='ocrx_word' id='word_1_163' title='bbox 645 3337 786 3433; x_wconf 91' lang='lat' dir='ltr'>primus</span> <span class='ocrx_word' id='word_1_164' title='bbox 825 3334 1011 3415; x_wconf 87' lang='lat' dir='ltr'>utrumqne</span> <span class='ocrx_word' id='word_1_165' title='bbox 1051 3315 1255 3404; x_wconf 89' lang='lat' dir='ltr'>scriptorem</span> 
     </span>
    </p>
   </div>
   <div class='ocr_carea' id='block_1_9' title="bbox 146 3441 1258 3705">
    <p class='ocr_par' dir='ltr' id='par_1_10' title="bbox 146 3441 1258 3705">
     <span class='ocr_line' id='line_1_24' title="bbox 146 3441 1257 3569; baseline -0.053 -1"><span class='ocrx_word' id='word_1_166' title='bbox 146 3496 266 3569; x_wconf 88' lang='lat' dir='ltr'>eodem</span> <span class='ocrx_word' id='word_1_167' title='bbox 297 3490 394 3561; x_wconf 85' lang='lat' dir='ltr'>fonte</span> <span class='ocrx_word' id='word_1_168' title='bbox 427 3504 530 3556; x_wconf 88' lang='lat' dir='ltr'>usum</span> <span class='ocrx_word' id='word_1_169' title='bbox 562 3498 638 3549; x_wconf 86' lang='lat' dir='ltr'>esse</span> <span class='ocrx_word' id='word_1_170' title='bbox 672 3472 762 3546; x_wconf 86' lang='lat' dir='ltr'>dixit</span> <span class='ocrx_word' id='word_1_171' title='bbox 794 3474 829 3540; x_wconf 91' lang='lat' dir='ltr'>et</span> <span class='ocrx_word' id='word_1_172' title='bbox 862 3469 944 3537; x_wconf 92' lang='lat' dir='ltr'>acta</span> <span class='ocrx_word' id='word_1_173' title='bbox 978 3457 1103 3526; x_wconf 84' lang='lat' dir='ltr'>diurna</span> <span class='ocrx_word' id='word_1_174' title='bbox 1138 3441 1257 3536; x_wconf 89' lang='lat' dir='ltr'>populi</span> 
     </span>
     <span class='ocr_line' id='line_1_25' title="bbox 147 3577 1258 3705; baseline -0.056 1"><span class='ocrx_word' id='word_1_175' title='bbox 147 3629 299 3705; x_wconf 86' lang='lat' dir='ltr'>Romani</span> <span class='ocrx_word' id='word_1_176' title='bbox 330 3627 424 3698; x_wconf 90' lang='lat' dir='ltr'>hunc</span> <span class='ocrx_word' id='word_1_177' title='bbox 456 3621 589 3692; x_wconf 84' lang='lat' dir='ltr'>fontem</span> <span class='ocrx_word' id='word_1_178' title='bbox 620 3613 731 3684; x_wconf 85' lang='lat' dir='ltr'>fuisse</span> <span class='ocrx_word' id='word_1_179' title='bbox 755 3603 907 3698; x_wconf 80' lang='lat' dir='ltr'>putavit.</span> <span class='ocrx_word' id='word_1_180' title='bbox 962 3595 1060 3676; x_wconf 79' lang='lat' dir='ltr'>Quae</span> <span class='ocrx_word' id='word_1_181' title='bbox 1087 3577 1258 3657; x_wconf 89' lang='lat' dir='ltr'>sententia</span> 
     </span>
    </p>
   </div>
   <div class='ocr_carea' id='block_1_10' title="bbox 353 3776 454 3787">
    <p class='ocr_par' dir='ltr' id='par_1_11' title="bbox 353 3776 454 3787">
     <span class='ocr_line' id='line_1_26' title="bbox 353 3776 454 3787; baseline -0.05 1"><span class='ocrx_word' id='word_1_182' title='bbox 353 3776 454 3787; x_wconf 85' lang='lat'>....--</span> 
     </span>
    </p>
   </div>
   <div class='ocr_carea' id='block_1_11' title="bbox 199 3811 1103 3914">
    <p class='ocr_par' dir='ltr' id='par_1_12' title="bbox 199 3811 1103 3914">
     <span class='ocr_line' id='line_1_27' title="bbox 199 3811 1103 3914; baseline -0.054 -9"><span class='ocrx_word' id='word_1_183' title='bbox 199 3831 200 3836; x_wconf 7' lang='grc' dir='ltr'>ἵ</span> <span class='ocrx_word' id='word_1_184' title='bbox 249 3847 274 3914; x_wconf 86' lang='lat' dir='ltr'>l)</span> <span class='ocrx_word' id='word_1_185' title='bbox 300 3845 441 3900; x_wconf 85' lang='lat' dir='ltr'>Heeren</span> <span class='ocrx_word' id='word_1_186' title='bbox 459 3835 512 3909; x_wconf 85' lang='lat' dir='ltr'>„de</span> <span class='ocrx_word' id='word_1_187' title='bbox 530 3831 658 3890; x_wconf 87' lang='lat' dir='ltr'>fontibus</span> <span class='ocrx_word' id='word_1_188' title='bbox 677 3833 707 3882; x_wconf 83' lang='lat' dir='ltr'>et</span> <span class='ocrx_word' id='word_1_189' title='bbox 725 3819 901 3879; x_wconf 88' lang='lat' dir='ltr'>auctoritate</span> <span class='ocrx_word' id='word_1_190' title='bbox 913 3811 1040 3867; x_wconf 87' lang='lat' dir='ltr'>vitarum</span> <span class='ocrx_word' id='word_1_191' title='bbox 1052 3819 1103 3876; x_wconf 86' lang='lat' dir='ltr'>par</span> 
     </span>
    </p>
   </div>
   <div class='ocr_carea' id='block_1_12' title="bbox 148 3920 588 3996">
    <p class='ocr_par' dir='ltr' id='par_1_13' title="bbox 148 3920 588 3996">
     <span class='ocr_line' id='line_1_28' title="bbox 148 3920 588 3996; baseline -0.043 -4"><span class='ocrx_word' id='word_1_192' title='bbox 148 3931 315 3992; x_wconf 84' lang='lat' dir='ltr'>Plutarchi“</span> <span class='ocrx_word' id='word_1_193' title='bbox 334 3927 494 3996; x_wconf 79' lang='lat' dir='ltr'>Gottingae</span> <span class='ocrx_word' id='word_1_194' title='bbox 513 3920 588 3976; x_wconf 81' lang='lat'>1820.</span> 
     </span>
    </p>
   </div>
   <div class='ocr_carea' id='block_1_13' title="bbox 150 4003 1131 4266">
    <p class='ocr_par' dir='ltr' id='par_1_14' title="bbox 150 4003 1131 4266">
     <span class='ocr_line' id='line_1_29' title="bbox 248 4003 912 4102; baseline -0.054 -11"><span class='ocrx_word' id='word_1_195' title='bbox 248 4037 275 4102; x_wconf 81' lang='grc'>2)</span> <span class='ocrx_word' id='word_1_196' title='bbox 302 4029 426 4088; x_wconf 83' lang='lat' dir='ltr'>Hiraol</span> <span class='ocrx_word' id='word_1_197' title='bbox 445 4018 640 4096; x_wconf 80' lang='lat' dir='ltr'>„comparatio</span> <span class='ocrx_word' id='word_1_198' title='bbox 660 4029 769 4079; x_wconf 89' lang='lat' dir='ltr'>eorum,</span> <span class='ocrx_word' id='word_1_199' title='bbox 782 4023 857 4080; x_wconf 87' lang='lat' dir='ltr'>quae</span> <span class='ocrx_word' id='word_1_200' title='bbox 876 4003 912 4056; x_wconf 84' lang='lat' dir='ltr'>de</span> 
     </span>
     <span class='ocr_line' id='line_1_30' title="bbox 150 4083 1044 4181; baseline -0.054 1"><span class='ocrx_word' id='word_1_201' title='bbox 150 4130 180 4181; x_wconf 87' lang='lat' dir='ltr'>et</span> <span class='ocrx_word' id='word_1_202' title='bbox 197 4121 313 4179; x_wconf 90' lang='lat' dir='ltr'>Othone</span> <span class='ocrx_word' id='word_1_203' title='bbox 335 4117 431 4172; x_wconf 86' lang='lat' dir='ltr'>relata</span> <span class='ocrx_word' id='word_1_204' title='bbox 452 4109 579 4180; x_wconf 86' lang='lat' dir='ltr'>legimus</span> <span class='ocrx_word' id='word_1_205' title='bbox 599 4101 678 4174; x_wconf 89' lang='lat' dir='ltr'>apud</span> <span class='ocrx_word' id='word_1_206' title='bbox 695 4096 842 4162; x_wconf 79' lang='lat' dir='ltr'>Tacitum,</span> <span class='ocrx_word' id='word_1_207' title='bbox 861 4083 1044 4146; x_wconf 83' lang='lat' dir='ltr'>Suetonium,</span> 
     </span>
     <span class='ocr_line' id='line_1_31' title="bbox 152 4167 1131 4266; baseline -0.058 0"><span class='ocrx_word' id='word_1_208' title='bbox 152 4211 277 4266; x_wconf 89' lang='lat' dir='ltr'>Dionem</span> <span class='ocrx_word' id='word_1_209' title='bbox 296 4204 326 4259; x_wconf 83' lang='lat' dir='ltr'>O.</span> <span class='ocrx_word' id='word_1_210' title='bbox 345 4201 414 4256; x_wconf 80' lang='lat' dir='ltr'>etc.“</span> <span class='ocrx_word' id='word_1_211' title='bbox 436 4197 583 4264; x_wconf 86' lang='lat' dir='ltr'>Stuttgert</span> <span class='ocrx_word' id='word_1_212' title='bbox 602 4190 635 4244; x_wconf 86' lang='lat'>18</span> <span class='ocrx_word' id='word_1_213' title='bbox 652 4187 692 4240; x_wconf 81' lang='grc'>51.</span> <span class='ocrx_word' id='word_1_214' title='bbox 719 4179 851 4238; x_wconf 86' lang='lat' dir='ltr'>Libellus</span> <span class='ocrx_word' id='word_1_215' title='bbox 868 4172 943 4230; x_wconf 85' lang='lat' dir='ltr'>mihi</span> <span class='ocrx_word' id='word_1_216' title='bbox 959 4167 1075 4242; x_wconf 83' lang='lat' dir='ltr'>praesto</span> <span class='ocrx_word' id='word_1_217' title='bbox 1093 4174 1131 4211; x_wconf 92' lang='lat' dir='ltr'>no</span> 
     </span>
    </p>
   </div>
   <div class='ocr_carea' id='block_1_14' title="bbox 929 3979 1262 4209">
    <p class='ocr_par' dir='ltr' id='par_1_15' title="bbox 929 3979 1262 4209">
     <span class='ocr_line' id='line_1_32' title="bbox 929 3979 1260 4069; baseline -0.082 -12"><span class='ocrx_word' id='word_1_218' title='bbox 929 3987 1152 4069; x_wconf 84' lang='lat' dir='ltr'>imperatoribus</span> <span class='ocrx_word' id='word_1_219' title='bbox 1165 3979 1260 4037; x_wconf 82' lang='lat' dir='ltr'>Galba</span> 
     </span>
     <span class='ocr_line' id='line_1_33' title="bbox 1061 4067 1262 4134; baseline -0.07 -6"><span class='ocrx_word' id='word_1_220' title='bbox 1061 4067 1262 4134; x_wconf 76' lang='lat' dir='ltr'>Plutarchum,</span> 
     </span>
     <span class='ocr_line' id='line_1_34' title="bbox 1134 4149 1234 4209; baseline -0.11 1"><span class='ocrx_word' id='word_1_221' title='bbox 1134 4173 1154 4209; x_wconf 90' lang='lat' dir='ltr'>n</span> <span class='ocrx_word' id='word_1_222' title='bbox 1170 4149 1234 4206; x_wconf 80' lang='lat' dir='ltr'>fuit.</span> 
     </span>
    </p>
   </div>
   <div class='ocr_carea' id='block_1_15' title="bbox 0 0 1523 4796">
    <p class='ocr_par' dir='ltr' id='par_1_16' title="bbox 0 0 1523 4796">
     <span class='ocr_line' id='line_1_35' title="bbox 0 0 1523 4796; baseline 0 0"><span class='ocrx_word' id='word_1_223' title='bbox 0 0 1523 4796; x_wconf 95' lang='lat' dir='ltr'> </span> 
     </span>
    </p>
   </div>
   <div class='ocr_carea' id='block_1_16' title="bbox 1105 3793 1376 3854">
    <p class='ocr_par' dir='ltr' id='par_1_17' title="bbox 1105 3793 1376 3854">
     <span class='ocr_line' id='line_1_36' title="bbox 1105 3793 1376 3854; baseline -0.055 -1"><span class='ocrx_word' id='word_1_224' title='bbox 1105 3793 1258 3854; x_wconf 87' lang='lat' dir='ltr'>allelarum</span> <span class='ocrx_word' id='word_1_225' title='bbox 1372 3831 1376 3838; x_wconf 93' lang='lat'>.</span> 
     </span>
    </p>
   </div>
  </div>
 </body>
</html>
