3018 4796
130 224 175 350 G.
206 275 265 358 22,
284 291 392 347 m-re.
1204 272 1251 346 33

132 478 341 570 Verginium
373 483 409 548 et
425 453 626 556 Vitellium,
654 479 694 546 ut
721 473 868 546 Tacitus
895 472 990 558 fecit,
1019 475 1080 546 sed
1096 473 1257 545 Hordeo-

133 619 229 690 nium
260 621 295 700 ‚et
321 612 509 686 Vitellium
535 612 625 684 inter
652 631 689 682 se
717 616 915 702 opponeret.
972 612 1021 684 At
1048 612 1090 684 de
1117 610 1255 706 Vitellii

130 757 341 848 paupertate
377 770 491 840 neque
524 750 591 820 hoc
626 749 703 820 loco
740 749 928 839 quicquam
963 750 1058 838 apud
1091 748 1256 822 Tacitum
1332 724 1335 732 ’

129 891 333 968 invenimus
360 908 471 980 neque
497 888 530 958 lr.
546 888 614 969 ΙΠ,
643 887 702 970 86,
729 887 792 958 ubi
817 887 922 976 plura
946 887 988 958 de
1012 885 1157 957 Vitellio
1185 886 1255 957 dis·

131 1029 233 1118 serit.
284 1029 422 1126 ¹Itaque
456 1025 522 1095 hoc
557 1023 773 1096 Plutarchus
808 1023 950 1096 aliunde
984 1023 1124 1108 hausit,
1164 1025 1257 1113 quod

136 1165 331 1244 mirandum
371 1181 440 1234 non
476 1165 549 1246 est,
589 1161 797 1250 praesertim
833 1179 912 1232 cum
947 1159 1086 1232 Vitellii
1121 1180 1257 1252 quoque

134 1302 244 1375 vitam
279 1319 424 1389 eamque
469 1298 635 1368 nimirum
671 1318 739 1370 nno
774 1303 894 1368 tenore
930 1318 1010 1368 cum
1051 1298 1187 1370 Galbae
1222 1303 1258 1370 et

131 1437 281 1510 Othonis
308 1434 559 1524 conscripserit
577 1429 617 1525 ¹).
646 1475 694 1485 -
722 1435 875 1525 Reliqua
900 1435 1071 1506 orationis
1093 1439 1195 1523 parte
1221 1457 1255 1508 ν.

132 1577 222 1660 27-
238 1576 284 1643 29
301 1573 393 1667 φέρε,
406 1577 516 1640 τοῦτον
534 1570 681 1663 ἑλόμενοι
705 1569 861 1663 δείξωμεν
880 1568 1067 1670 ἀνθρώπως
1086 1575 1191 1656 πᾶσιν,
1211 1573 1258 1648 ὡς

130 1707 270 1808 Ἰβήρων
288 1709 340 1778 καὶ
357 1705 542 1777 Λυσιτανῶν
562 1708 715 1800 ἀμείνους
733 1706 830 1799 ἐσμὲν
856 1706 1077 1806 αὐτοκράτορα
1096 1705 1257 1806 αἱρεῖσθαι

137 1847 267 1918 milites
285 1848 330 1917 ad
348 1847 522 1935 agendum
541 1846 752 1933 incitantem
780 1851 957 1935 postrema
984 1847 1096 1919 verba
1114 1846 1256 1917 Plutar-

134 1987 236 2057 chum
265 1981 370 2055 ‘recte
411 1965 630 2054 intellexisse
672 1983 848 2065 indicant,
891 2004 1012 2055 veram
1052 1983 1256 2054 rebellionis

131 2143 276 2200 causam
302 2121 413 2192 fuisse
441 2121 643 2210 superbiam
671 2119 873 2192 Germanioi
898 2120 1085 2205 exercitus,
1113 2120 1173 2210 qui
1201 2141 1255 2190 ro·

129 2263 217 2331 bore
249 2279 313 2330 suo
345 2258 497 2329 confisus
531 2263 566 2328 et
592 2263 727 2329 ceteros
755 2256 931 2330 exercitus
958 2263 1196 2329 contemneret
1223 2263 1258 2328 et

113 2395 331 2486 ¹principem
368 2397 411 2466 ab
453 2395 524 2466 alio
564 2395 723 2468 exercitu
758 2389 949 2492 factum2).
1010 2397 1136 2485 Itaque
1177 2415 1256 2466 cnm

137 2532 353 2606 Plutarchus
387 2538 534 2622 excepta
566 2553 638 2604 una
672 2553 711 2603 re
744 2533 829 2605 novi
862 2532 1041 2603 exhibeat
1061 2533 1161 2616 nihil,
1195 2533 1256 2602 sed

128 2675 270 2742 tantum
296 2689 385 2760 quae
403 2689 425 2740 a
443 2671 570 2742 Tacito
596 2675 715 2760 petere
741 2671 858 2760 potuit
884 2668 982 2740 facta
1009 2690 1072 2741 suo
1100 2669 1251 2741 arbitrio

128 2812 294 2881 conectat
329 2813 364 2878 ct
397 2810 585 2880 verborum
619 2808 721 2896 copia
756 2813 912 2892 exornet,
952 2807 1023 2878 alio
1056 2787 1152 2878 fonte
1186 2829 1254 2878 non

133 2965 287 3034 egemus..
353 2945 392 3016 si
426 2964 643 3016 communem
683 2949 863 3015 auctorem
904 2950 1112 3028 statuamus,
1154 2965 1256 3036 quem

137 3081 350 3153 Plutarchus
387 3081 593 3170 diligentius
636 3083 859 3171 expresserit,
902 3083 1021 3152 eadem
1063 3081 1255 3153 difficultas

134 3219 290 3302 exsistit,
317 3219 353 3289 in
372 3239 441 3308 qua
460 3239 567 3308 supra
586 3218 805 3290 offendimus.
860 3219 951 3289 Sane
977 3240 1047 3290 non
1074 3221 1255 3322 contendo,

134 3356 365 3428 Plutarchum
410 3376 479 3426 uno
525 3377 661 3447 quoque
706 3357 784 3427 loco
838 3355 957 3427 Taciti
1010 3359 1120 3429 verba
1172 3362 1254 3426 ante

137 3493 258 3564 oculos
284 3470 462 3564 habuisse.
509 3493 577 3564 Sed
595 3533 639 3546 -·-
659 3515 741 3564 nam
760 3513 838 3564 eum
858 3493 978 3584 aliqua
1002 3493 1039 3566 vi
1066 3493 1255 3564 memoriae

127 3630 331 3720 praeditum
356 3630 466 3701 fuisse
490 3651 560 3701 non
579 3637 633 3701 est
650 3631 849 3720 negandum
868 3673 918 3681 -
937 3639 1080 3701 auctore
1098 3631 1253 3719 perlecto
1297 3658 1299 3662 ·

127 3769 243 3842 vitam
292 3768 502 3857 conscripsit
548 3789 694 3858 eumque
739 3768 914 3840 interdum
958 3773 1095 3839 tantum
1139 3767 1252 3841 denuo

127 3905 299 3996 inspexit.

341 4058 443 4066 ----

232 4125 260 4190 l)
297 4121 376 4176 Rem
392 4121 486 4177 fuisse
503 4123 687 4177 notissimam
710 4140 746 4176 ex
765 4103 906 4178 Suetonio
924 4127 1048 4192 apparet
1065 4140 1092 4178 v.
1111 4122 1167 4178 Vit.
1187 4141 1210 4180 c.
1230 4125 1253 4178 7.

231 4210 261 4277 2)
298 4207 334 4262 cf.
370 4207 536 4263 Mommsen
553 4209 654 4263 Herm.
672 4207 706 4278 V,
725 4225 754 4279 p.
774 4210 831 4262 172.

1087 4312 1107 4398 3,
