3018 4796
231 293 291 372 14.

227 499 268 568 de
286 498 434 569 consilio
454 519 516 570 suo
543 499 621 588 agit
638 505 674 569 et
692 521 782 590 qnae
803 501 911 572 fuerit
933 504 1091 583 condicio
1111 507 1345 598 reipublicae

225 634 556 726 provinciarumque
573 637 730 709 breviter
756 639 816 708 ille
842 639 979 728 quidem
1000 641 1060 712 sed
1078 643 1267 734 diligenter
1284 668 1343 720 ex·

223 773 332 862 ponit.
376 774 459 862 Ipsa
486 774 644 844 narratio
672 774 812 846 initium
830 776 926 866 capit
944 798 973 848 c.
1001 781 1064 866 12,
1093 765 1160 872 quo
1179 786 1340 858 nuntium

224 909 429 982 defectionis
457 912 632 983 exercitus
661 913 863 985 Germanici
890 915 1039 986 Romam
1065 920 1204 994 venisse
1219 923 1341 994 ,tradit

222 1050 335 1118 etad
368 1048 590 1137 adoptionem
621 1049 762 1120 Pisonis
800 1053 1031 1122 enarrandam
1063 1059 1202 1128 transit.
1256 1061 1338 1132 Plu-

221 1185 382 1256 tarchum
408 1191 448 1256 ut
466 1187 562 1258 vitae
589 1187 795 1276 scriptorem
813 1189 858 1258 ab
877 1189 1003 1259 altiore
1031 1189 1132 1262 initio
1159 1215 1216 1264 res
1241 1217 1339 1285 repe-

219 1327 294 1392 tere
319 1327 590 1394 consentaneum
613 1329 677 1394 est.
718 1325 843 1414 Itaque
867 1326 983 1396 omnia
1009 1327 1054 1395 ad
1072 1326 1184 1400 vitam
1202 1298 1338 1401 Galbae

219 1459 442 1548 pertinentia,
471 1480 560 1550 quae
592 1466 673 1531 ante
701 1461 736 1530 k.
765 1463 840 1531 Ian.
869 1468 971 1550 gesta
999 1468 1089 1547 sunt,
1117 1464 1259 1534 exhibet
1285 1507 1336 1516 —-

219 1597 255 1666 id
283 1599 374 1686 quod
402 1618 423 1667 a
450 1597 568 1668 Taciti
595 1597 741 1689 consilio
763 1597 915 1668 alienum
943 1605 997 1670 est
1015 1639 1064 1652 «-
1082 1611 1116 1672 et
1144 1621 1173 1672 c.
1206 1601 1248 1672 19
1276 1603 1333 1672 de·

219 1753 312 1803 mum
339 1735 384 1804 ad
410 1734 549 1804 initium
568 1735 651 1804 anni
679 1735 724 1806 69
753 1735 923 1824 pervenit.
958 1737 1065 1819 *Quae
1091 1738 1208 1826 priore
1234 1745 1335 1828 parte

218 1872 372 1961 praebet,
405 1872 467 1942 vix
498 1871 707 1961 appellanda
740 1878 794 1942 est
825 1872 913 1943 vita.
976 1873 1066 1941 Nam
1099 1892 1128 1943 c.
1166 1877 1183 1942 1
1219 1895 1334 1960 pauca

145 2045 147 2052 ·
217 2007 399 2096 praefatus
427 2009 563 2080 orditur
590 2029 619 2079 c.
642 2009 661 2078 2
690 2008 942 2098 aNymphidio
963 2008 1103 2091 Sabino,
1128 2008 1199 2098 qui,
1218 2010 1333 2103 decep

219 2143 344 2240 εἴρηται
361 2187 412 2196 --
430 2147 556 2235 quibus
575 2147 692 2218 verbis
720 2145 827 2215 aliam
844 2144 967 2228 vitam,
986 2144 1153 2217 videlicet
1174 2145 1334 2228 Neronis,

217 2281 412 2370 significari
429 2281 505 2354 veri
525 2283 639 2352 simile
657 2285 717 2352 est
733 2321 773 2334 -
795 2301 866 2352 una
890 2302 973 2352 cum
994 2281 1170 2372 Tigellino
1192 2280 1337 2376 ἔπαρχος

215 2425 274 2514 τῆς
305 2417 409 2514 αὐλῆς
434 2417 559 2489 fuisset
591 2425 626 2489 et
657 2418 824 2491 donativo
852 2418 1026 2489 militibus
1052 2420 1224 2509 promisso
1266 2439 1336 2489 om·

216 2557 313 2627 nium
340 2556 510 2626 malorum
537 2561 663 2628 auctor
688 2555 806 2627 factus
832 2561 935 2626 esset.
988 2557 1124 2628 Galbae
1151 2576 1261 2646 usque
1288 2557 1333 2625 ad

216 2693 427 2782 legationem
462 2693 731 2784 Hispaniensem
767 2693 845 2768 vita
883 2715 952 2764 uno
988 2714 1017 2762 c.
1054 2697 1073 2761 3
1102 2691 1258 2763 breviter
1291 2690 1332 2757 de

216 2830 348 2920 scripta
376 2831 445 2901 iam
474 2850 525 2902 cc.
553 2833 576 2902 4
604 2838 639 2902 et
666 2835 687 2902 5
716 2829 956 2919 comperimus,
990 2845 1057 2917 quo
1085 2828 1185 2897 modo
1217 2825 1333 2896 Galba

214 2969 405 3058 imperator
438 2969 681 3040 consalutatus
717 2973 752 3038 et
787 2968 880 3038 Nero
913 2986 952 3036 eo
984 2965 1107 3035 nuntio
1141 2967 1332 3034 commotus

216 3106 273 3178 sit.
326 3107 369 3177 In
409 3107 535 3177 ceteris
576 3124 711 3196 quoque
752 3124 802 3176 co.
844 3104 920 3174 sola
959 3101 1201 3171 recentissima
1235 3098 1332 3170 facta

217 3249 540 3328 commemorantur,
569 3243 675 3343 etiam
703 3243 734 3312 si
762 3262 840 3312 cum
859 3240 995 3310 Galbae
1021 3238 1098 3310 vita
1124 3257 1247 3326 parum
1275 3257 1331 3307 co-

215 3383 371 3471 naerens.
432 3381 538 3452 reiut
572 3402 600 3451 ο.
638 3381 657 3450 a
694 3380 736 3448 de
770 3376 885 3449 clodii
911 3374 1140 3465 verginibus
1175 3341 1362 3444 construe

215 3521 344 3610 agitur,
378 3523 425 3602 et
457 3522 497 3590 ut
530 3519 649 3588 eodem
683 3515 799 3606 eapite
833 3515 985 3587 Galbam
1012 3512 1158 3582 Vindice
1192 3511 1330 3585 devicto

203 3625 310 3727 metu
347 3655 591 3746 perturbatum
626 3673 701 3725 esse
738 3654 798 3724 sed
835 3673 862 3723 c.
901 3653 920 3722 7
958 3651 1000 3720 de
1035 3656 1145 3720 morte
1181 3647 1329 3720 Neronis

216 3795 400 3866 certiorem
427 3794 559 3865 iactum
586 3791 757 3883 paulatim
776 3791 930 3860 animum
956 3789 1184 3878 resumpsisse
1209 3783 1327 3862 refert,

216 3933 268 4002 ita
295 3951 345 4002 cc.
376 3935 397 4002 8
426 3938 461 4002 et
489 3933 509 4003 9
538 3932 580 4003 de
606 3927 813 4020 Nymphidii
843 3924 1161 3996 machinationibus
1188 3917 1329 3990 uberius

217 4067 359 4159 exponit
386 4075 492 4158 aisque
520 4088 548 4139 o
580 4068 626 4138 10
654 4068 789 4139 demum
820 4065 861 4134 ad
891 4064 1042 4134 Galbam
1060 4060 1161 4138 redit,
1187 4055 1243 4128 oui
1261 4055 1331 4123 iam

217 4206 333 4281 omnia
367 4206 505 4276 cedunt.
528 4227 570 4276 sc.
611 4206 653 4274 ll
690 4203 757 4274 iter
790 4202 864 4272 eius
898 4193 1065 4271 describit
1091 4201 1126 4266 et
1152 4194 1222 4264 iam
1256 4197 1331 4262 tum
