2982 4794
128 316 170 392 Ο.
199 319 259 403 14,
285 337 380 393 4:14.
1135 361 1140 373 .
1176 324 1249 397 157

176 554 179 568 ·
228 544 263 596 ν’.
292 524 417 594 4-10
445 522 517 617 ἐμοὶ
544 522 580 594 δὲ
607 522 742 620 ὕστερον
760 525 919 597 *ὁδεύοντι
955 527 1008 598 διὰ
1041 533 1098 599 τοῦ
1135 529 1252 600 πεδίου

125 653 288 756 Μέστριος
314 655 462 758 Φλῶρος,
490 655 582 758 ἀνὴρ
594 663 744 739 ὑπατικὸς
761 665 827 732 τῶν
847 665 921 734 τότε
940 664 986 760 μὴ
1006 665 1088 736 κατὰ
1106 669 1253 764 γνώμην,
1277 765 1280 772 γ

126 792 342 894 ἀλλ’·’ἀνοίγνιη
370 798 453 890 μετὰ
469 805 526 868 τοῦ
540 791 690 876 Ὄθωνος
705 802 899 894 γενομένων,
919 805 1002 872 νεὼν
1021 803 1096 873 ὅντα
1115 803 1254 874 παλαιδν

125 931 287 1012 ἐπιδείξας
320 933 461 1030 διηγεῖτο
482 935 580 1028 γμεταλ
609 935 669 1031 τὴν
704 939 814 1033 μάχην
841 935 994 1008 ἐπελθὼν
1022 939 1100 1010 ἰδεῖν
1128 950 1254 1038 νεκρῶν

125 1071 233 1169 σωρδν
258 1070 453 1168 τηλικοῦτον,
481 1075 568 1143 ὥστε
595 1074 671 1150 τοὺς
696 1074 853 1170 ἐπιπολῆς
871 1075 1035 1146 ἅπτεσθαι
1053 1085 1118 1148 τῶν
1137 1076 1254 1149 ἀετῶν.

124 1209 179 1278 καὶ
205 1208 265 1305 την
290 1209 390 1279 αἰτίαν
408 1207 476 1306 ἔφη
496 1210 604 1306 ζητῶν
623 1209 698 1282 οὔτε
717 1211 814 1290 αὐτὸς
833 1214 939 1308 εὑρεῖν
961 1211 1036 1284 οὔτε
1055 1212 1129 1311 παρ’
1151 1215 1253 1288 ἄλλου

123 1371 184 1418 του
212 1343 434 1445 πυθέσθαι).
486 1349 584 1434 Quae
603 1356 799 1440 sequuntur
811 1353 911 1440 'apud
930 1353 1252 1446 Tacitumquoque

122 1489 279 1556 exstant.

227 1643 262 1696 v.
294 1622 443 1706 105-14
476 1620 629 1720 θνήσκειν
663 1622 721 1716 μὲν
754 1623 817 1720 γὰρ
851 1624 944 1722 παρὰ
975 1625 1051 1702 τοὺς
1078 1626 1255 1722 ἐμφυλίους

130 1757 300 1850 πολέμους,
321 1760 397 1830 ὅταν
415 1759 520 1856 τροπὴ
540 1761 682 1856 γένηται,
702 1761 855 1838 πλείονας
873 1763 955 1840 εἰκός
974 1763 1041 1834 ἐστι
1059 1771 1108 1860 τῷ
1126 1765 1254 1862 μηδένα

135 1893 271 1992 ζωγρεῖν,
285 1885 432 1993 χρῆσθαι
440 1897 500 1994 γὰρ
512 1895 647 1982 οὐκέστι
655 1905 720 1974 τοῖς
737 1898 999 1997 ἁλισκομένοις,ί)
1014 1898 1039 1969 δ’
1058 1901 1254 1972 ἐπίτυσοῦτο

130 2036 251 2130 σωρεία
282 2034 333 2103 καὶ
366 2037 570 2133 συμφόρησις
602 2033 659 2105 οὐκ
692 2032 761 2131 ἔχει
786 2035 846 2132 την
873 2037 975 2106 αἰτίαν
998 2036 1254 2134 εὐσυλλόγιστον.

230 2172 399 2242 Dubitari
428 2172 522 2256 licet,
556 2178 676 2244 utrum
704 2173 780 2262 ipse
803 2174 1021 2248 haec'addat
1038 2197 1084 2248 an
1103 2177 1252 2249 Mestric

124 2307 234 2380 auro
268 2307 416 2382 artuum.
478 2311 546 2380 seu
580 2310 840 2384 cammarus
875 2313 971 2384 uacat
1002 2314 1036 2385 u.
1074 2319 1107 2398 a,
1141 2316 1200 2399 44,
1231 2281 1283 2386 2'

121 2443 308 2517 obstruetur
342 2449 456 2544 strage
494 2457 664 2540 corporum
698 2453 778 2540 ciac,
818 2469 894 2543 ριιο·
913 2449 992 2542 plac
1026 2449 1137 2522 caedis
1171 2456 1256 2548 jaath
1315 2452 1317 2456 ’

119 2606 242 2680 cepae¹
260 2590 345 2656 euim
376 2582 525 2654 ciuilibus
559 2582 652 2655 bellis
685 2591 773 2678 capti
805 2591 839 2654 ιά
856 2637 859 2640 -
871 2587 1031 2678 praedam
1070 2591 1251 2682 certaretur,

119 2699 240 2813 ipsum
279 2721 513 2794 Plutarchum
556 2721 592 2794 id
638 2722 816 2794 addidisse
852 2729 959 2813 atque
994 2725 1159 2797 Tacitum
1201 2749 1255 2798 re-

121 2860 283 2951 spexisse
305 2864 408 2950 put0;
435 2860 535 2934 addit
553 2867 672 2932 autem
698 2859 810 2932 nihilo
829 2861 945 2932 minus
971 2883 1041 2934 nan
1068 2885 1250 2954 apparere,

127 3019 191 3072 cur
205 2998 348 3069 mortui
374 2998 462 3070 adeo
492 2999 694 3074 coacervati
721 2998 856 3070 fuerint
869 2995 912 3096 2).
979 3051 981 3053 .
1030 3051 1033 3058 ,

125 3165 436 3198 mm

224 3287 258 3352 l)
293 3283 366 3339 Cum
384 3273 562 3338 Plutarchus
574 3283 729 3338 Mestrium
742 3284 862 3338 Florum
879 3284 923 3338 rei
935 3290 997 3339 tam
1009 3285 1085 3343 leuis
1103 3293 1255 3344 auctorem

3 3363 4 3372 ¹
125 3371 462 3443 adscraqsconloquium
486 3388 590 3427 eorum
612 3388 672 3424 non
694 3375 846 3426 versatum
869 3387 935 3434 esse
960 3373 1095 3444 suspicor
1117 3375 1148 3428 in
1166 3377 1255 3432 rebus

3 3459 4 3466 ’
124 3457 322 3534 gravioribus.
361 3457 501 3512 Mestrius
525 3457 556 3511 in
581 3463 754 3515 senatorum
776 3449 898 3512 numero
918 3459 956 3512 ad
972 3451 1083 3513 bellum
1101 3461 1253 3531 profectus

124 3547 193 3601 crat
214 3545 232 3600 i.
255 3548 280 3599 'a
305 3543 384 3598 inter
402 3536 527 3598 Ohhcnis
551 3541 608 3597 fuit
633 3543 756 3599 comites
779 3543 818 3613 (h.
842 3545 865 3612 1,
887 3544 1052 3615 &tneque
1070 3538 1182 3616 proelio
1202 3555 1254 3606 aut

123 3631 186 3704 ipsi
203 3630 280 3686 bello
298 3629 470 3684 interfuisse
488 3629 607 3685 videtur
624 3629 662 3696 lh.
680 3630 704 3699 2,
722 3630 774 3699 59),
792 3634 999 3701 praeterquam
1018 3632 1096 3701 quod
1114 3641 1147 3687 nt
1165 3634 1253 3688 homo

123 3717 261 3790 privatus
293 3733 479 3786 nequaquam
512 3715 642 3770 omnium
674 3715 862 3770 consiliorum
890 3716 1026 3772 conscius
1058 3735 1123 3773 esse
1150 3721 1254 3790 potuit.

121 3803 230 3860 Potius
250 3801 436 3873 conloquium
456 3819 559 3858 eorum
576 3801 639 3856 eius
658 3801 739 3860 modi
755 3802 847 3858 rebus
866 3821 897 3857 se
916 3803 1098 3860 continuisse
1116 3805 1254 3876 arbitrem
1291 3842 1300 3854 ι

121 3889 211 3948 velut
221 3888 362 3945 Mestrius
376 3889 520 3960 exposuit,
541 3905 574 3942 se
592 3887 718 3954 invitum
731 3889 897 3959 protectum
911 3907 985 3960 csse,
1004 3890 1119 3947 similia.
1148 3892 1254 3963 Itaque

124 3997 143 4034 a
170 3975 404 4032 Gereteneelrero
432 3973 584 4044 dissentio,
613 3974 664 4046 qui
689 3991 718 4046 p.
744 3976 778 4030 55
805 3993 855 4048 sq„
878 3975 1055 4048 ubicumque
1077 3977 1255 4032 Plutarchus

125 4064 263 4120 diversas
281 4059 441 4117 relationes
458 4060 561 4131 adfert,
571 4059 715 4132 imprimis
734 4061 765 4116 0.
789 4061 806 4114 9
823 4061 980 4118 Mestrium
997 4063 1117 4120 Florum
1134 4063 1255 4119 inducit

198 4215 200 4222 ,
232 4167 259 4232 2)
294 4164 378 4220 Idem
395 4163 529 4218 iudicant
545 4165 664 4235 Haupt
682 4163 762 4236 (phil.
782 4164 966 4220 Rundschau
994 4167 1059 4221 1881
1085 4184 1112 4238 p.
1140 4167 1199 4234 956)
1225 4172 1256 4222 et

125 4252 397 4312 Gerstenecher
406 4260 442 4324 tp.
452 4253 503 4314 51)).
517 4251 594 4322 Quin
603 4250 848 4308 hicPlutarchum
856 4251 956 4308 Tacito
965 4270 1132 4324 repugnare
1142 4260 1253 4329 censet,
