2982 4794
142 295 184 366 Ο.
212 297 246 376 4,
274 313 383 368 n-m
1212 291 1258 360 91

140 501 314 585 Nissenio,
339 500 399 591 qui
422 521 455 588 p.
478 499 548 570 511
571 495 735 574 Tacitum
753 495 946 570 communis
964 495 1121 572 auctoris
1139 515 1260 568 narra-

140 640 271 710 tionem
298 659 321 708 a
346 635 540 709 Plutarcho
568 633 773 723 diligentius
809 647 1013 721 expressam¹
1042 632 1262 704 contraxisse

141 782 254 866 putat,
282 774 454 865 imprimis
481 793 525 844 ex
552 777 709 845 extrema
727 769 905 866 particula
921 769 1109 846 Plutarchi
1126 769 1163 840 id
1181 790 1261 842 ocn-

141 914 208 1002 ligi
243 912 349 984 licere
386 908 635 992 concesserim,
671 908 732 981 scd
767 908 888 980 eodem
921 905 998 978 iure
1030 907 1262 984 Plutarchum

140 1050 260 1122 Taciti
295 1051 406 1122 verba
439 1047 637 1120 extendisse
671 1046 787 1120 dicere
800 1064 1021 1134 ‘pessumum
1052 1044 1143 1120 nihil
1170 1045 1270 1116 enim'

137 1186 224 1261 novi
266 1186 387 1269 refert,
433 1189 550 1274 atque
600 1183 740 1274 aliquot.
788 1181 859 1254 iam
903 1181 1101 1254 invenimus
1154 1181 1260 1265 locos,

136 1325 199 1396 ubi
238 1325 330 1415 idem
371 1322 526 1394 studium
566 1325 708 1392 secutus
744 1319 798 1392 in·
822 1327 976 1406 errorem
1003 1319 1168 1408 delapsus
1197 1324 1262 1391 est.

140 1461 290 1551 Singula
324 1459 429 1550 plane
464 1458 654 1530 concinunt
685 1459 814 1548 (carta
845 1455 932 1552 falso
963 1493 1003 1524 a
1036 1453 1073 1531 οὐ
1101 1451 1262 1552 ψευδῶς),

140 1600 200 1670 sed
235 1597 450 1670 Plutarchus
487 1595 614 1668 omnia
639 1592 802 1666 diffusius
835 1599 979 1664 enarrat
1012 1598 1048 1664 et
1071 1594 1117 1664 ,iu
1143 1594 1263 1666 maius

140 1735 290 1809 extollit.
353 1734 407 1805 Ec
441 1737 580 1804 tantum
611 1749 695 1803 vere
723 1729 901 1814 differunt,
929 1730 1263 1820 quodPlutarohns

142 1875 312 1946 Othonem
349 1869 543 1961 provinciis
578 1867 650 1938 iam
683 1867 730 1937 ad
762 1887 799 1936 se
833 1868 1013 1940 conversis
1044 1867 1185 1942 litteras
1216 1869 1262 1939 ad

139 2011 323 2084 Vitellium
359 2007 496 2078 dedisse
532 2005 629 2088 dicit,
665 2021 745 2076 cum
779 2003 926 2076 Tacitus
960 2004 1057 2076 illins
1088 2004 1142 2075 rei
1169 2023 1262 2076 men-

138 2150 271 2219 tionem
305 2145 417 2216 laciat
451 2163 482 2214 c.
519 2143 586 2224 74,
629 2145 820 2232 antequam
854 2141 897 2211 de
916 2141 1129 2230 provinciis
1164 2147 1261 2231 agat.

142 2285 222 2355 Sed
238 2283 305 2352 hcc
331 2299 400 2353 nou
426 2279 567 2351 mirum:
594 2278 829 2374 rursusenim
846 2277 1006 2352 videmus
1030 2279 1262 2352 Plutarchum

143 2440 206 2493 suo
239 2419 374 2510 arbitro
407 2436 463 2488 res
495 2422 677 2488 consuere
692 2410 731 2511 ¹).
785 2416 830 2486 In
861 2415 1036 2488 communi
1062 2416 1158 2488 fonte
1186 2417 1262 2488 sino

143 2557 249 2628 dubio
276 2555 365 2626 hacc
391 2555 510 2626 ecdem
538 2553 659 2624 ordine
685 2558 792 2642 atque
810 2573 832 2622 a
851 2553 984 2626 Tacito
994 2553 1130 2626 tradita
1148 2561 1260 2628 erant.

144 2699 443 2718 -..-.-ι-------

240 2774 266 2840 1)
302 2772 480 2826 Beckurts
507 2789 534 2842 p.
561 2765 596 2825 38
620 2769 685 2824 adn.
707 2770 725 2823 2
749 2768 870 2842 gravius
893 2769 1022 2825 offendit.
1062 2771 1161 2843 Negat
1184 2773 1263 2828 enim

138 2857 279 2914 credibile
299 2875 374 2926 esse,
393 2855 549 2927 Othonem,
568 2861 727 2926 antequam
745 2853 782 2910 de
799 2854 1019 2928 provinciarum
1036 2857 1143 2915 animis
1156 2859 1264 2914 cantion

137 2947 235 3002 factus
254 2949 342 3014 osset,
370 2949 454 2998 tanta
473 2961 540 3000 cum
557 2941 666 3010 fiducia
683 2941 803 2999 Vitellio
821 2941 965 3005 obsistere
980 2960 1085 3000 ausum
1100 2961 1173 3001 esse.
1203 2946 1262 3000 ita-

135 3050 194 3104 quo
213 3031 244 3086 in
262 3029 411 3086 communi
428 3046 516 3100 quem
535 3027 640 3083 statuit
656 3028 737 3083 fonte
749 3027 795 3082 bis
810 3045 874 3083 rem
886 3027 978 3084 fluisse
991 3034 1143 3084 narratam
1157 3031 1264 3086 conicit

137 3123 256 3176 etanta
281 3122 311 3171 et
330 3121 400 3187 post
421 3115 590 3186 provincias
609 3120 968 3186 commemorassemus
987 3114 1129 3172 Suetonio
1148 3116 1180 3173 0.
1197 3118 1216 3172 8
1233 3123 1264 3174 et

138 3203 242 3260 Cassio
259 3202 356 3258 Dione
374 3203 415 3270 64,
435 3201 469 3256 10
486 3203 539 3269 (per
557 3203 709 3253 intonantem
727 3220 756 3252 ao
775 3203 866 3252 litteras
890 3213 1017 3252 consortem
1034 3205 1128 3268 imperii
1142 3222 1262 3270 penarum·

137 3309 181 3356 que
200 3308 226 3340 se
250 3288 345 3340 Vitellio
367 3289 451 3339 attulit
473 3281 536 3342 etc
559 3279 590 3341 δὲ
608 3273 710 3342 Ὄθων
740 3281 787 3342 καὶ
809 3280 849 3362 μὴ
865 3277 962 3342 ἔπειθε
985 3281 1031 3342 τὸν
1051 3277 1212 3343 Οὐιτέλλιον
1234 3283 1265 3351 ἐξ

138 3369 280 3432 κοινωνίαν
309 3365 393 3429 αὐτὸν
407 3369 469 3446 ’τῆς
499 3367 592 3449 ἀρχῆς
613 3366 750 3433 πολλάκις
770 3369 957 3446 παρακαλῶν)
967 3369 973 3432 J
981 3374 1066 3431 nisus
1088 3373 1262 3445 suspicatur,

139 3460 232 3532 primo
256 3459 404 3516 Othonem
427 3464 594 3513 consortem
617 3457 733 3530 imperii
757 3475 790 3512 se
813 3457 965 3534 obtulisse,
983 3459 1090 3514 deinde
1108 3460 1263 3530 superbius

138 3545 256 3604 Vitellio
272 3543 433 3614 obstitisse,
447 3561 482 3598 ac
494 3544 629 3600 Tacitum
642 3543 765 3598 alteram
777 3561 840 3598 rom
854 3543 947 3600 altero
960 3545 1025 3600 loco
1037 3543 1178 3617 prolerre?
1205 3545 1263 3622 Sed

137 3631 210 3686 illud
233 3636 441 3703 argumentum
464 3631 538 3684 nihil
555 3631 643 3686 valet.
679 3631 767 3697 Nam,
786 3629 812 3684 si
830 3631 895 3701 quis
915 3631 1005 3686 alium
1022 3631 1173 3687 deterrere
1190 3633 1263 3703 vult,

136 3733 323 3788 nequaquam
339 3733 413 3786 opus
427 3723 480 3780 est,
493 3721 612 3787 praesto
630 3715 659 3770 ei
671 3733 738 3772 esse
750 3735 822 3788 opos
834 3717 872 3772 ad
884 3715 915 3772 id
927 3718 1005 3790 quod
1016 3717 1088 3773 velit
1101 3735 1263 3796 exsequen-

137 3803 215 3858 dum.
256 3802 433 3876 Coniectura
455 3821 526 3876 uero
548 3803 716 3858 Beckurtsii
741 3808 787 3857 est
805 3803 1031 3873 contortissima,
1050 3809 1080 3858 et
1096 3803 1263 3880 mireum

138 3893 227 3959 esset,
252 3888 411 3960 scriptores
435 3889 477 3942 ita
502 3889 628 3944 alterum
652 3888 775 3944 alteram
797 3905 861 3944 rem
883 3889 1127 3961 praetermisisse.
1168 3891 1262 3947 Multo

137 3974 300 4046 simplicius
315 3973 475 4030 difficultas
488 3975 651 4046 expeditur,
670 3975 801 4030 sinuum
812 3975 905 4032 fuisso
918 3975 1084 4031 litterarum
1096 3993 1262 4032 sermonem

137 4060 191 4115 sed
201 4060 275 4115 duas
287 4060 382 4116 fauisse
395 4060 556 4116 relationes
566 4062 731 4132 statuimus,
743 4079 867 4132 quarum
876 4078 967 4116 unam
978 4061 1098 4118 Tacitus
1108 4063 1261 4135 receperit,

137 4165 155 4200 a
173 4163 230 4217 quo
250 4164 315 4201 eam
333 4146 510 4202 Plutarchus
528 4136 659 4203 hauriret
678 4147 779 4203 etalio
797 4149 862 4204 loco
875 4153 1006 4219 poneret,
1025 4148 1150 4204 alteram
1168 4150 1262 4205 secuti

139 4232 198 4286 sint
216 4233 375 4288 Suetonius
394 4239 424 4289 et
442 4233 562 4288 Cassius
580 4235 644 4290 Dio.
