3018 4796
148 221 150 226 ’
233 251 281 340 so
674 230 677 240 ’
1101 252 1144 323 o.
1174 250 1232 335 ac,
1259 259 1353 324 e-n.

409 375 419 415 τ.
476 415 478 426 .

231 473 314 526 nere
346 454 473 543 potuit.
534 455 655 545 Neque
687 455 779 526 enim
805 474 895 545 quae
921 461 1046 527 narrat
1073 474 1115 526 ea
1142 459 1233 538 sunt,
1261 457 1353 528 unde

232 591 420 682 quicquam
446 591 530 664 novi
557 591 812 682 comperiamus
827 585 866 688 ¹).

230 749 265 800 u.
282 730 408 804 8--14
431 725 582 824 ἐξήκουον
597 728 657 824 γὰρ
672 727 746 798 ἔνιοι
764 725 893 820 daupei·
944 765 979 817 ν,
1020 745 1182 816 14...16
1224 745 1352 816 totidem

231 863 509 960 ἰονττενᾶλλττῆ
525 862 893 972 superaestuans
939 899 1353 993 praemitterentur

231 1000 401 1097 ὀλιγότητα
453 1008 517 1072 τῶν
564 999 892 1098 ἀποτετολμημένων.
944 1053 1183 1148 adgreganlm'
1200 1052 1262 1122 alii
1278 1075 1350 1124 mm,

230 1135 451 1234 φερομένῳδὲ
464 1134 596 1209 ogau&
610 1137 890 1236 ἀγορᾶςάπήντη·
943 1209 1076 1277 scientio
1095 1206 1350 1302 plortqoemt'ro·

230 1297 290 1344 οαν
318 1272 421 1370 ἕτεροι
447 1279 600 1361 τοσοῦτοι,
620 1275 673 1345 καὶ
695 1275 792 1347 πάλιν
811 1275 892 1346 κατὰ
1079 1263 1087 1298 '

230 1416 316 1506 τρεῖς
333 1411 386 1482 καὶ
404 1411 560 1509 τέτταρας
579 1411 672 1488 ἄλλοι
685 1412 890 1508 προσεπέλα-
943 1361 1024 1452 curlo,
1049 1382 1131 1454 porc
1157 1363 1297 1434 clamore
1321 1369 1353 1434 ct

232 1545 294 1628 (cu.
346 1547 414 1621 εἶτα
454 1533 709 1645 οονανέοτροφον
751 1548 891 1626 ἅπαντες
942 1515 1089 1613 gaudii&
1110 1537 1195 1609 puts
1211 1516 1348 1608 memma

185 1661 188 1668 .
231 1681 484 1777 ἀνακαλούμενοι
508 1680 673 1782 ,Καίσαρα
704 1686 755 1756 καὶ
785 1686 892 1780 γυμνοὶ
944 1675 1088 1741 alimum
1143 1691 1186 1744 85⁶
1239 1675 1352 1743 evento

229 1820 270 1890 τὰ
297 1819 374 1918 ξίφη
401 1822 638 1918 προϊσχόμενοι.
944 1825 1116 1916 sumpturi.

229 1959 332 2030 Certe
358 1960 573 2032 Plutarchus
600 1961 659 2032 hic
689 1980 827 2051 quoque
854 1961 1059 2051 diligentior
1076 1981 1167 2033 ¹esse
1199 1960 1348 2043 videtur,

229 2115 340 2186 neque
372 2103 490 2168 tamen
523 2097 632 2168 alium
663 2097 795 2170 fontem
822 2099 965 2170 subesse
993 2119 1014 2170 a
1042 2098 1168 2170 Tacito
1195 2114 1346 2184 compre-

229 2232 376 2302 hensum
403 2233 565 2304 concludi
590 2237 716 2324 potest.
770 2234 838 2318 Qui
866 2254 944 2304 cum
963 2235 1108 2305 totidem
1127 2234 1201 2305 fere
1218 2233 1349 2306 milites

230 2373 305 2441 toto
333 2369 459 2440 itinere
478 2335 692 2460 adgregatos
710 2389 787 2441 esse
805 2369 921 2442 dicere
939 2371 1027 2445 uelit
1049 2377 1084 2443 et
1102 2373 1144 2442 de
1163 2371 1350 2443 eorundem

230 2506 380 2580 militum
400 2506 527 2578 animis
545 2512 581 2578 et
599 2507 725 2578 studiis
747 2513 910 2596 exponat,
928 2507 1160 2580 Plutarchum
1174 2509 1241 2580 hoc
1259 2507 1351 2579 male

230 2641 446 2716 intellexisse
473 2649 508 2716 et
530 2645 592 2716 otti
617 2699 624 2713 .
655 2699 662 2715 .
693 2609 867 2738 potuque
894 2700 902 2715 .
932 2700 940 2715 .
971 2664 1105 2738 ‚pots
1134 2695 1144 2716 .
1172 2699 1179 2718 .
1206 2665 1287 2738 pars
1306 2647 1350 2716 ad

230 2780 320 2852 alios
354 2781 483 2852 milites
516 2781 694 2852 rettulisse
728 2781 874 2864 conicio,
909 2781 969 2872 qui
1002 2787 1186 2870 praeterea
1220 2803 1257 2854 se
1289 2783 1347 2854 ad·

229 2917 451 2989 iunxissent..
498 2919 624 3009 Itaque
659 2938 729 2990 non
763 2918 897 3002 dubito,
934 2919 1019 3008 quin
1053 2921 1121 2991 hoc
1156 2919 1233 2991 loco
1266 2920 1350 2990 Plu-

228 3055 375 3128 tarchus
409 3054 603 3144 inspexerit
638 3055 752 3145 ipsum
788 3055 951 3128 Tacitum
986 3062 1021 3127 et
1053 3077 1143 3148 quae
1177 3079 1246 3129 non
1272 3077 1350 3147 per-

230 3191 382 3282 spiceret
415 3212 477 3263 suo
509 3192 658 3264 arbitrio
695 3193 930 3265 exornaverit.
990 3195 1068 3279 Qua
1102 3197 1144 3266 de
1171 3215 1351 3266 causaue

160 3325 163 3329 ’
232 3331 275 3403 de
311 3329 437 3401 ceteris
472 3329 613 3418 quidem
648 3310 920 3419 desperandum,
957 3321 1018 3402 sed
1052 3331 1245 3405 Plutarcho
1281 3331 1351 3420 ipsi

232 3472 380 3558 possunt
397 3466 584 3539 uindicari.
625 3467 732 3537 Velut
750 3487 840 3557 quae
859 3467 976 3544 adfert
994 3467 1038 3538 ad
1056 3488 1223 3556 pauorem
1242 3467 1351 3542 Otho·

229 3605 285 3676 nis
318 3604 565 3693 explicandum
599 3602 744 3675 inuenta
776 3609 812 3675 et
846 3624 889 3676 ex
916 3604 1042 3675 Tacito
1070 3605 1229 3678 conlecta
1256 3611 1349 3676 sunt.
1476 3644 1477 3667 ι

331 3923 356 3992 1)
390 3921 471 3978 Fieri
491 3925 598 3994 potest,
621 3926 656 3976 ut
673 3919 768 3976 Taciti
784 3922 876 3978 verba
892 3923 982 3974 strictis
1003 3927 1150 3976 munenibus
1172 3927 1269 3992 rapiunt
1289 3941 1350 3980 non

229 4008 418 4085 intellexerit.
454 4009 536 4078 Quae
555 4025 622 4063 cum
640 4007 683 4062 ita
695 4013 796 4062 essent
809 4008 1039 4082 interpretanda,
1057 4016 1091 4064 ut
1102 4008 1212 4066 milites
1224 4011 1350 4067 Othonis

116 4160 123 4164 ⁵
230 4093 334 4152 tuendi
357 4111 448 4149 causa
468 4093 584 4166 gladios
603 4093 791 4165 stringerent,
810 4093 988 4148 Plutarchus
1005 4113 1057 4151 ecs
1074 4095 1183 4167 gladiis
1200 4096 1350 4152 minantes

229 4179 421 4254 impedivisse
440 4180 564 4252 putavit,
582 4197 639 4254 quo
657 4179 755 4236 minue
774 4178 850 4236 Otho
869 4197 888 4234 a
910 4186 1015 4251 coopto
1031 4181 1196 4238 desisteret
